<?xml version="1.0" encoding="UTF-8"?>
<!DOCTYPE html PUBLIC "-//W3C//DTD XHTML 1.0 Transitional//EN"
    "http://www.w3.org/TR/xhtml1/DTD/xhtml1-transitional.dtd">
<html xmlns="http://www.w3.org/1999/xhtml" xml:lang="en" lang="en">
 <head>
  <title>
</title>
<meta http-equiv="Content-Type" content="text/html;charset=utf-8" />
  <meta name='ocr-system' content='tesseract 3.04.00' />
  <meta name='ocr-capabilities' content='ocr_page ocr_carea ocr_par ocr_line ocrx_word'/>
</head>
<body>
  <div class='ocr_page' id='page_1' title='image "./specimeninaugura00kick_0043.png"; bbox 0 0 2027 2701; ppageno 0'>
   <div class='ocr_carea' id='block_1_1' title="bbox 880 244 1727 287">
    <p class='ocr_par' dir='ltr' id='par_1_1' title="bbox 880 244 1727 287">
     <span class='ocr_line' id='line_1_1' title="bbox 880 244 1727 287; baseline 0.005 -5"><span class='ocrx_word' id='word_1_1' title='bbox 880 244 1138 284; x_wconf 62' lang='lat' dir='ltr'>anomcm</span> <span class='ocrx_word' id='word_1_2' title='bbox 1145 275 1153 283; x_wconf 92' lang='lat'><strong>.</strong></span> <span class='ocrx_word' id='word_1_3' title='bbox 1673 247 1727 287; x_wconf 81' lang='lat'>25</span> 
     </span>
    </p>
   </div>
   <div class='ocr_carea' id='block_1_2' title="bbox 338 349 1698 504">
    <p class='ocr_par' dir='ltr' id='par_1_2' title="bbox 338 349 1698 504">
     <span class='ocr_line' id='line_1_2' title="bbox 793 349 1210 406; baseline 0.005 -17"><span class='ocrx_word' id='word_1_4' title='bbox 793 350 806 362; x_wconf 61' lang='lat'>&#39;⁶</span> <span class='ocrx_word' id='word_1_5' title='bbox 823 349 837 363; x_wconf 51' lang='lat'>‘⁶</span> <span class='ocrx_word' id='word_1_6' title='bbox 854 349 868 363; x_wconf 78' lang='lat'>*</span> <span class='ocrx_word' id='word_1_7' title='bbox 897 350 1015 390; x_wconf 70' lang='lat' dir='ltr'>Testa</span> <span class='ocrx_word' id='word_1_8' title='bbox 1035 350 1210 406; x_wconf 70' lang='lat' dir='ltr'>qlobosa.</span> 
     </span>
     <span class='ocr_line' id='line_1_3' title="bbox 338 444 1698 504; baseline 0.004 -20"><span class='ocrx_word' id='word_1_9' title='bbox 338 445 406 485; x_wconf 83' lang='lat'>28.</span> <span class='ocrx_word' id='word_1_10' title='bbox 428 444 504 484; x_wconf 88' lang='lat' dir='ltr'><strong>H...</strong></span> <span class='ocrx_word' id='word_1_11' title='bbox 525 444 843 485; x_wconf 73' lang='lat' dir='ltr'><strong>CARTUSIANELLA</strong></span> <span class='ocrx_word' id='word_1_12' title='bbox 867 445 994 499; x_wconf 75' lang='lat' dir='ltr'>Drap.</span> <span class='ocrx_word' id='word_1_13' title='bbox 1019 446 1114 486; x_wconf 90' lang='lat' dir='ltr'>Icon</span> <span class='ocrx_word' id='word_1_14' title='bbox 1137 447 1265 501; x_wconf 80' lang='lat' dir='ltr'>Drap.</span> <span class='ocrx_word' id='word_1_15' title='bbox 1287 447 1365 488; x_wconf 77' lang='lat' dir='ltr'>tab.</span> <span class='ocrx_word' id='word_1_16' title='bbox 1390 448 1426 488; x_wconf 87' lang='grc'>6.</span> <span class='ocrx_word' id='word_1_17' title='bbox 1451 451 1519 504; x_wconf 75' lang='lat' dir='ltr'>fi&#39;q.</span> <span class='ocrx_word' id='word_1_18' title='bbox 1548 449 1612 490; x_wconf 86' lang='lat'>31.</span> <span class='ocrx_word' id='word_1_19' title='bbox 1632 450 1698 491; x_wconf 84' lang='lat'>32.</span> 
     </span>
    </p>
   </div>
   <div class='ocr_carea' id='block_1_3' title="bbox 340 523 1730 578">
    <p class='ocr_par' dir='ltr' id='par_1_3' title="bbox 340 523 1730 578">
     <span class='ocr_line' id='line_1_4' title="bbox 340 523 1730 578; baseline 0.004 -14"><span class='ocrx_word' id='word_1_20' title='bbox 340 532 503 565; x_wconf 55' lang='lat' dir='ltr'>Dmcnvos.</span> <span class='ocrx_word' id='word_1_21' title='bbox 544 523 591 563; x_wconf 89' lang='lat' dir='ltr'>H.</span> <span class='ocrx_word' id='word_1_22' title='bbox 628 530 731 563; x_wconf 85' lang='lat' dir='ltr'>testa</span> <span class='ocrx_word' id='word_1_23' title='bbox 771 525 1108 578; x_wconf 79' lang='lat' dir='ltr'>depressiuscula,</span> <span class='ocrx_word' id='word_1_24' title='bbox 1139 528 1602 577; x_wconf 80' lang='lat' dir='ltr'>caerulescenti-albida,</span> <span class='ocrx_word' id='word_1_25' title='bbox 1638 530 1730 569; x_wconf 89' lang='lat' dir='ltr'>albo</span> 
     </span>
    </p>
   </div>
   <div class='ocr_carea' id='block_1_4' title="bbox 282 591 1733 711">
    <p class='ocr_par' dir='ltr' id='par_1_4' title="bbox 282 591 1733 711">
     <span class='ocr_line' id='line_1_5' title="bbox 282 591 1733 650; baseline 0.006 -21"><span class='ocrx_word' id='word_1_26' title='bbox 282 592 435 639; x_wconf 84' lang='lat' dir='ltr'>cincta⁷</span> <span class='ocrx_word' id='word_1_27' title='bbox 457 591 684 645; x_wconf 85' lang='lat' dir='ltr'>perforata;</span> <span class='ocrx_word' id='word_1_28' title='bbox 707 598 897 645; x_wconf 79' lang='lat' dir='ltr'>apertura</span> <span class='ocrx_word' id='word_1_29' title='bbox 928 593 1312 634; x_wconf 84' lang='lat' dir='ltr'>rotundato-lunata</span> <span class='ocrx_word' id='word_1_30' title='bbox 1325 607 1334 643; x_wconf 80' lang='lat'>3</span> <span class='ocrx_word' id='word_1_31' title='bbox 1356 597 1613 650; x_wconf 85' lang='lat' dir='ltr'>peristomate</span> <span class='ocrx_word' id='word_1_32' title='bbox 1632 612 1733 637; x_wconf 88' lang='lat' dir='ltr'>mar-</span> 
     </span>
     <span class='ocr_line' id='line_1_6' title="bbox 282 658 697 711; baseline 0.005 -15"><span class='ocrx_word' id='word_1_33' title='bbox 282 658 438 711; x_wconf 77' lang='lat' dir='ltr'>ginato,</span> <span class='ocrx_word' id='word_1_34' title='bbox 456 659 697 698; x_wconf 87' lang='lat' dir='ltr'>rubescenti.</span> 
     </span>
    </p>
   </div>
   <div class='ocr_carea' id='block_1_5' title="bbox 283 738 1737 1063">
    <p class='ocr_par' dir='ltr' id='par_1_5' title="bbox 283 738 1737 1063">
     <span class='ocr_line' id='line_1_7' title="bbox 339 738 1730 793; baseline 0.003 -14"><span class='ocrx_word' id='word_1_35' title='bbox 339 746 549 779; x_wconf 71' lang='lat' dir='ltr'>DEscmmo.</span> <span class='ocrx_word' id='word_1_36' title='bbox 575 738 720 778; x_wconf 74' lang='lat' dir='ltr'>Incola</span> <span class='ocrx_word' id='word_1_37' title='bbox 746 738 1167 791; x_wconf 84' lang='lat' dir='ltr'>flavescenti-griseus,</span> <span class='ocrx_word' id='word_1_38' title='bbox 1198 747 1503 793; x_wconf 88' lang='lat' dir='ltr'>streptosomate</span> <span class='ocrx_word' id='word_1_39' title='bbox 1532 744 1730 791; x_wconf 72' lang='lat' dir='ltr'>caeruleo,</span> 
     </span>
     <span class='ocr_line' id='line_1_8' title="bbox 285 806 1734 861; baseline 0.003 -17"><span class='ocrx_word' id='word_1_40' title='bbox 285 806 444 859; x_wconf 87' lang='lat' dir='ltr'>punctis</span> <span class='ocrx_word' id='word_1_41' title='bbox 460 806 606 860; x_wconf 84' lang='lat' dir='ltr'>nigris,</span> <span class='ocrx_word' id='word_1_42' title='bbox 624 807 822 860; x_wconf 88' lang='lat' dir='ltr'>luteisque</span> <span class='ocrx_word' id='word_1_43' title='bbox 845 813 954 845; x_wconf 85' lang='lat' dir='ltr'>trans</span> <span class='ocrx_word' id='word_1_44' title='bbox 975 812 1119 845; x_wconf 87' lang='lat' dir='ltr'>testam</span> <span class='ocrx_word' id='word_1_45' title='bbox 1148 807 1371 847; x_wconf 83' lang='lat' dir='ltr'>visibilibus</span> <span class='ocrx_word' id='word_1_46' title='bbox 1392 808 1616 861; x_wconf 86' lang='lat' dir='ltr'>variegato‚</span> <span class='ocrx_word' id='word_1_47' title='bbox 1643 816 1734 849; x_wconf 88' lang='lat' dir='ltr'>ten-</span> 
     </span>
     <span class='ocr_line' id='line_1_9' title="bbox 283 873 1737 928; baseline 0.003 -17"><span class='ocrx_word' id='word_1_48' title='bbox 283 873 427 912; x_wconf 89' lang='lat' dir='ltr'>taculis</span> <span class='ocrx_word' id='word_1_49' title='bbox 455 873 671 926; x_wconf 75' lang='lat' dir='ltr'>gracilibus</span> <span class='ocrx_word' id='word_1_50' title='bbox 702 874 896 917; x_wconf 49' lang='lat' dir='ltr'>cinerei&amp;</span> <span class='ocrx_word' id='word_1_51' title='bbox 922 873 1041 912; x_wconf 78' lang='lat' dir='ltr'>Testa</span> <span class='ocrx_word' id='word_1_52' title='bbox 1073 873 1120 913; x_wconf 82' lang='lat'>15</span> <span class='ocrx_word' id='word_1_53' title='bbox 1155 874 1252 914; x_wconf 88' lang='lat' dir='ltr'>mill.</span> <span class='ocrx_word' id='word_1_54' title='bbox 1291 875 1430 928; x_wconf 71' lang='lat' dir='ltr'>longa,</span> <span class='ocrx_word' id='word_1_55' title='bbox 1456 874 1505 914; x_wconf 83' lang='grc'>13</span> <span class='ocrx_word' id='word_1_56' title='bbox 1546 876 1647 925; x_wconf 83' lang='lat' dir='ltr'>alta,</span> <span class='ocrx_word' id='word_1_57' title='bbox 1686 875 1737 915; x_wconf 89' lang='lat'>10</span> 
     </span>
     <span class='ocr_line' id='line_1_10' title="bbox 284 940 1737 994; baseline 0.003 -16"><span class='ocrx_word' id='word_1_58' title='bbox 284 953 435 982; x_wconf 77' lang='lat' dir='ltr'>crassa,</span> <span class='ocrx_word' id='word_1_59' title='bbox 453 940 730 987; x_wconf 83' lang='lat' dir='ltr'>solidiuscula‚</span> <span class='ocrx_word' id='word_1_60' title='bbox 749 940 1045 994; x_wconf 84' lang='lat' dir='ltr'>subpellucida‚</span> <span class='ocrx_word' id='word_1_61' title='bbox 1064 941 1321 980; x_wconf 79' lang='lat' dir='ltr'>transversim</span> <span class='ocrx_word' id='word_1_62' title='bbox 1347 942 1498 981; x_wconf 88' lang='lat' dir='ltr'>striata.</span> <span class='ocrx_word' id='word_1_63' title='bbox 1519 941 1737 982; x_wconf 86' lang='lat' dir='ltr'>Anfractus</span> 
     </span>
     <span class='ocr_line' id='line_1_11' title="bbox 284 1006 1737 1063; baseline 0.003 -18"><span class='ocrx_word' id='word_1_64' title='bbox 284 1019 367 1055; x_wconf 79' lang='lat' dir='ltr'>sex3</span> <span class='ocrx_word' id='word_1_65' title='bbox 386 1006 549 1044; x_wconf 88' lang='lat' dir='ltr'>ultimus</span> <span class='ocrx_word' id='word_1_66' title='bbox 565 1006 721 1045; x_wconf 83' lang='lat' dir='ltr'>inferne</span> <span class='ocrx_word' id='word_1_67' title='bbox 732 1007 943 1055; x_wconf 80' lang='lat' dir='ltr'>lutcseens,</span> <span class='ocrx_word' id='word_1_68' title='bbox 960 1021 1131 1060; x_wconf 79' lang='lat' dir='ltr'>superne</span> <span class='ocrx_word' id='word_1_69' title='bbox 1149 1021 1242 1046; x_wconf 87' lang='lat' dir='ltr'>eum</span> <span class='ocrx_word' id='word_1_70' title='bbox 1257 1008 1420 1061; x_wconf 89' lang='lat' dir='ltr'>reliquis</span> <span class='ocrx_word' id='word_1_71' title='bbox 1431 1008 1601 1058; x_wconf 80' lang='lat' dir='ltr'>albidus,</span> <span class='ocrx_word' id='word_1_72' title='bbox 1618 1010 1737 1063; x_wconf 87' lang='lat' dir='ltr'>spirae</span> 
     </span>
    </p>
   </div>
   <div class='ocr_carea' id='block_1_6' title="bbox 282 1072 1732 1192">
    <p class='ocr_par' dir='ltr' id='par_1_6' title="bbox 282 1072 1732 1192">
     <span class='ocr_line' id='line_1_12' title="bbox 282 1072 1732 1126; baseline 0.006 -17"><span class='ocrx_word' id='word_1_73' title='bbox 282 1073 395 1125; x_wconf 84' lang='lat' dir='ltr'>apice</span> <span class='ocrx_word' id='word_1_74' title='bbox 407 1073 694 1110; x_wconf 84' lang='lat' dir='ltr'>eaerulescenti.</span> <span class='ocrx_word' id='word_1_75' title='bbox 713 1072 933 1111; x_wconf 84' lang='lat' dir='ltr'>Peristoma</span> <span class='ocrx_word' id='word_1_76' title='bbox 954 1073 1251 1126; x_wconf 81' lang='lat' dir='ltr'>fragilissimum</span> <span class='ocrx_word' id='word_1_77' title='bbox 1263 1103 1272 1121; x_wconf 83' lang='grc'>,</span> <span class='ocrx_word' id='word_1_78' title='bbox 1290 1075 1332 1112; x_wconf 89' lang='lat' dir='ltr'>in</span> <span class='ocrx_word' id='word_1_79' title='bbox 1350 1075 1488 1114; x_wconf 88' lang='lat' dir='ltr'>adulto</span> <span class='ocrx_word' id='word_1_80' title='bbox 1504 1076 1732 1118; x_wconf 82' lang='lat' dir='ltr'>rubescens.</span> 
     </span>
     <span class='ocr_line' id='line_1_13' title="bbox 286 1138 1004 1192; baseline 0.003 -16"><span class='ocrx_word' id='word_1_81' title='bbox 286 1138 482 1177; x_wconf 88' lang='lat' dir='ltr'>Foramen</span> <span class='ocrx_word' id='word_1_82' title='bbox 517 1138 749 1177; x_wconf 86' lang='lat' dir='ltr'>umhilicale</span> <span class='ocrx_word' id='word_1_83' title='bbox 778 1146 1004 1192; x_wconf 86' lang='lat' dir='ltr'>angustum.</span> 
     </span>
    </p>
   </div>
   <div class='ocr_carea' id='block_1_7' title="bbox 286 1218 1741 2082">
    <p class='ocr_par' dir='ltr' id='par_1_7' title="bbox 286 1218 1741 2082">
     <span class='ocr_line' id='line_1_14' title="bbox 340 1218 1736 1277; baseline 0.003 -18"><span class='ocrx_word' id='word_1_84' title='bbox 340 1225 567 1260; x_wconf 66' lang='lat' dir='ltr'>Osssmmuo.</span> <span class='ocrx_word' id='word_1_85' title='bbox 592 1218 821 1272; x_wconf 85' lang='lat' dir='ltr'>Specimina</span> <span class='ocrx_word' id='word_1_86' title='bbox 850 1226 986 1258; x_wconf 88' lang='lat' dir='ltr'>nostra</span> <span class='ocrx_word' id='word_1_87' title='bbox 1020 1234 1113 1258; x_wconf 87' lang='lat' dir='ltr'>cum</span> <span class='ocrx_word' id='word_1_88' title='bbox 1148 1220 1432 1274; x_wconf 86' lang='lat' dir='ltr'>Draparnaldii</span> <span class='ocrx_word' id='word_1_89' title='bbox 1469 1223 1736 1277; x_wconf 84' lang='lat' dir='ltr'>descriptione</span> 
     </span>
     <span class='ocr_line' id='line_1_15' title="bbox 290 1285 1736 1342; baseline 0.005 -18"><span class='ocrx_word' id='word_1_90' title='bbox 290 1292 429 1325; x_wconf 79' lang='lat' dir='ltr'>exacte</span> <span class='ocrx_word' id='word_1_91' title='bbox 451 1292 681 1339; x_wconf 87' lang='lat' dir='ltr'>congruunt</span> <span class='ocrx_word' id='word_1_92' title='bbox 707 1285 737 1324; x_wconf 91' lang='lat' dir='ltr'>si</span> <span class='ocrx_word' id='word_1_93' title='bbox 770 1287 906 1325; x_wconf 88' lang='lat' dir='ltr'>demas</span> <span class='ocrx_word' id='word_1_94' title='bbox 936 1287 1202 1340; x_wconf 87' lang='lat' dir='ltr'>peristomatis</span> <span class='ocrx_word' id='word_1_95' title='bbox 1230 1289 1436 1342; x_wconf 81' lang='lat' dir='ltr'>cingulum</span> <span class='ocrx_word' id='word_1_96' title='bbox 1456 1291 1629 1330; x_wconf 81' lang='lat' dir='ltr'>exterius</span> <span class='ocrx_word' id='word_1_97' title='bbox 1649 1292 1736 1331; x_wconf 88' lang='lat' dir='ltr'>lac-</span> 
     </span>
     <span class='ocr_line' id='line_1_16' title="bbox 286 1352 1738 1407; baseline 0.004 -16"><span class='ocrx_word' id='word_1_98' title='bbox 286 1359 396 1391; x_wconf 89' lang='lat' dir='ltr'>teum</span> <span class='ocrx_word' id='word_1_99' title='bbox 414 1367 421 1391; x_wconf 90' lang='lat'><strong>:</strong></span> <span class='ocrx_word' id='word_1_100' title='bbox 441 1352 510 1391; x_wconf 87' lang='lat' dir='ltr'>sed</span> <span class='ocrx_word' id='word_1_101' title='bbox 536 1366 629 1390; x_wconf 88' lang='lat' dir='ltr'>cum</span> <span class='ocrx_word' id='word_1_102' title='bbox 663 1352 712 1390; x_wconf 87' lang='lat' dir='ltr'>de</span> <span class='ocrx_word' id='word_1_103' title='bbox 740 1352 900 1406; x_wconf 84' lang='lat' dir='ltr'>cingulo</span> <span class='ocrx_word' id='word_1_104' title='bbox 929 1354 1070 1392; x_wconf 89' lang='lat' dir='ltr'>eodem</span> <span class='ocrx_word' id='word_1_105' title='bbox 1099 1355 1141 1393; x_wconf 90' lang='lat' dir='ltr'>in</span> <span class='ocrx_word' id='word_1_106' title='bbox 1172 1354 1310 1395; x_wconf 84' lang='lat' dir='ltr'>Helice</span> <span class='ocrx_word' id='word_1_107' title='bbox 1339 1357 1587 1407; x_wconf 79' lang='lat' dir='ltr'>cartusiana‚</span> <span class='ocrx_word' id='word_1_108' title='bbox 1614 1358 1685 1397; x_wconf 89' lang='lat' dir='ltr'>ubi</span> <span class='ocrx_word' id='word_1_109' title='bbox 1714 1373 1738 1398; x_wconf 90' lang='lat' dir='ltr'>a</span> 
     </span>
     <span class='ocr_line' id='line_1_17' title="bbox 288 1419 1735 1475; baseline 0.004 -17"><span class='ocrx_word' id='word_1_110' title='bbox 288 1419 384 1459; x_wconf 81' lang='lat' dir='ltr'>Viro</span> <span class='ocrx_word' id='word_1_111' title='bbox 406 1419 510 1458; x_wconf 85' lang='lat' dir='ltr'>Clar.</span> <span class='ocrx_word' id='word_1_112' title='bbox 544 1433 706 1472; x_wconf 85' lang='lat' dir='ltr'>quoque</span> <span class='ocrx_word' id='word_1_113' title='bbox 726 1420 949 1468; x_wconf 78' lang='lat' dir='ltr'>indicatur,</span> <span class='ocrx_word' id='word_1_114' title='bbox 971 1422 1090 1460; x_wconf 86' lang='lat' dir='ltr'>silent</span> <span class='ocrx_word' id='word_1_115' title='bbox 1113 1422 1274 1470; x_wconf 85' lang='lat' dir='ltr'>Muller,</span> <span class='ocrx_word' id='word_1_116' title='bbox 1307 1423 1505 1462; x_wconf 86' lang='lat' dir='ltr'>Lamarok</span> <span class='ocrx_word' id='word_1_117' title='bbox 1519 1455 1528 1473; x_wconf 80' lang='grc'>,</span> <span class='ocrx_word' id='word_1_118' title='bbox 1548 1424 1710 1464; x_wconf 82' lang='lat' dir='ltr'>Pfeiffer</span> <span class='ocrx_word' id='word_1_119' title='bbox 1728 1457 1735 1475; x_wconf 83' lang='lat'>,</span> 
     </span>
     <span class='ocr_line' id='line_1_18' title="bbox 288 1486 1738 1546; baseline 0.004 -21"><span class='ocrx_word' id='word_1_120' title='bbox 288 1486 394 1525; x_wconf 86' lang='lat' dir='ltr'>hano</span> <span class='ocrx_word' id='word_1_121' title='bbox 423 1492 561 1525; x_wconf 87' lang='lat' dir='ltr'>notam</span> <span class='ocrx_word' id='word_1_122' title='bbox 590 1486 754 1525; x_wconf 90' lang='lat' dir='ltr'>minoris</span> <span class='ocrx_word' id='word_1_123' title='bbox 776 1487 992 1534; x_wconf 75' lang='lat' dir='ltr'>momenti,</span> <span class='ocrx_word' id='word_1_124' title='bbox 1016 1488 1166 1541; x_wconf 87' lang='lat' dir='ltr'>quippe</span> <span class='ocrx_word' id='word_1_125' title='bbox 1186 1502 1276 1541; x_wconf 82' lang='lat' dir='ltr'>quae</span> <span class='ocrx_word' id='word_1_126' title='bbox 1303 1503 1325 1528; x_wconf 89' lang='lat' dir='ltr'>a</span> <span class='ocrx_word' id='word_1_127' title='bbox 1347 1490 1613 1543; x_wconf 87' lang='lat' dir='ltr'>peristomatis</span> <span class='ocrx_word' id='word_1_128' title='bbox 1641 1506 1738 1546; x_wconf 86' lang='lat' dir='ltr'>aug—</span> 
     </span>
     <span class='ocr_line' id='line_1_19' title="bbox 288 1555 1739 1612; baseline 0.005 -20"><span class='ocrx_word' id='word_1_129' title='bbox 288 1560 425 1593; x_wconf 86' lang='lat' dir='ltr'>mento</span> <span class='ocrx_word' id='word_1_130' title='bbox 456 1560 496 1593; x_wconf 87' lang='lat' dir='ltr'>et</span> <span class='ocrx_word' id='word_1_131' title='bbox 525 1560 639 1593; x_wconf 82' lang='lat' dir='ltr'>testae</span> <span class='ocrx_word' id='word_1_132' title='bbox 672 1560 793 1592; x_wconf 79' lang='lat' dir='ltr'>aetate</span> <span class='ocrx_word' id='word_1_133' title='bbox 827 1555 1003 1607; x_wconf 88' lang='lat' dir='ltr'>pendere</span> <span class='ocrx_word' id='word_1_134' title='bbox 1041 1561 1194 1609; x_wconf 79' lang='lat' dir='ltr'>potest,</span> <span class='ocrx_word' id='word_1_135' title='bbox 1229 1557 1458 1597; x_wconf 81' lang='lat' dir='ltr'>existimavi.</span> <span class='ocrx_word' id='word_1_136' title='bbox 1494 1557 1590 1597; x_wconf 89' lang='lat' dir='ltr'>Icon</span> <span class='ocrx_word' id='word_1_137' title='bbox 1616 1573 1739 1612; x_wconf 89' lang='lat' dir='ltr'>quam</span> 
     </span>
     <span class='ocr_line' id='line_1_20' title="bbox 290 1619 1736 1679; baseline 0.004 -20"><span class='ocrx_word' id='word_1_138' title='bbox 290 1620 497 1660; x_wconf 81' lang='lat' dir='ltr'>Pfeifferus</span> <span class='ocrx_word' id='word_1_139' title='bbox 517 1620 590 1660; x_wconf 81' lang='lat' dir='ltr'>vol.</span> <span class='ocrx_word' id='word_1_140' title='bbox 614 1619 684 1659; x_wconf 88' lang='lat' dir='ltr'><strong>III.</strong></span> <span class='ocrx_word' id='word_1_141' title='bbox 704 1620 786 1659; x_wconf 86' lang='lat' dir='ltr'>tab.</span> <span class='ocrx_word' id='word_1_142' title='bbox 810 1620 876 1660; x_wconf 84' lang='lat' dir='ltr'>VI.</span> <span class='ocrx_word' id='word_1_143' title='bbox 908 1621 972 1675; x_wconf 87' lang='lat' dir='ltr'>fig.</span> <span class='ocrx_word' id='word_1_144' title='bbox 996 1621 1026 1660; x_wconf 92' lang='grc' dir='ltr'>Ι.</span> <span class='ocrx_word' id='word_1_145' title='bbox 1046 1637 1118 1676; x_wconf 88' lang='lat' dir='ltr'>pro</span> <span class='ocrx_word' id='word_1_146' title='bbox 1144 1623 1429 1662; x_wconf 85' lang='lat' dir='ltr'>cartusianella</span> <span class='ocrx_word' id='word_1_147' title='bbox 1446 1624 1574 1672; x_wconf 80' lang='lat' dir='ltr'>dedit,</span> <span class='ocrx_word' id='word_1_148' title='bbox 1597 1627 1736 1679; x_wconf 87' lang='lat' dir='ltr'>procul</span> 
     </span>
     <span class='ocr_line' id='line_1_21' title="bbox 288 1687 1735 1745; baseline 0.004 -18"><span class='ocrx_word' id='word_1_149' title='bbox 288 1689 410 1727; x_wconf 88' lang='lat' dir='ltr'>dubio</span> <span class='ocrx_word' id='word_1_150' title='bbox 434 1687 665 1726; x_wconf 87' lang='lat' dir='ltr'>reducenda</span> <span class='ocrx_word' id='word_1_151' title='bbox 687 1695 745 1727; x_wconf 87' lang='lat' dir='ltr'>est</span> <span class='ocrx_word' id='word_1_152' title='bbox 762 1689 812 1728; x_wconf 88' lang='lat' dir='ltr'>ad</span> <span class='ocrx_word' id='word_1_153' title='bbox 833 1688 1010 1728; x_wconf 84' lang='lat' dir='ltr'>Helicem</span> <span class='ocrx_word' id='word_1_154' title='bbox 1028 1689 1190 1729; x_wconf 89' lang='lat' dir='ltr'>Olivieri</span> <span class='ocrx_word' id='word_1_155' title='bbox 1208 1690 1294 1729; x_wconf 90' lang='lat' dir='ltr'>Fer.</span> <span class='ocrx_word' id='word_1_156' title='bbox 1315 1704 1396 1729; x_wconf 87' lang='lat' dir='ltr'>var.</span> <span class='ocrx_word' id='word_1_157' title='bbox 1417 1711 1434 1728; x_wconf 65' lang='grc' dir='ltr'><em>κ</em></span> <span class='ocrx_word' id='word_1_158' title='bbox 1446 1722 1455 1740; x_wconf 88' lang='grc'>,</span> <span class='ocrx_word' id='word_1_159' title='bbox 1477 1690 1594 1745; x_wconf 83' lang='lat' dir='ltr'>cujus</span> <span class='ocrx_word' id='word_1_160' title='bbox 1612 1694 1735 1733; x_wconf 80' lang='lat' dir='ltr'>varie-</span> 
     </span>
     <span class='ocr_line' id='line_1_22' title="bbox 288 1755 1738 1812; baseline 0.003 -17"><span class='ocrx_word' id='word_1_161' title='bbox 288 1762 413 1795; x_wconf 82' lang='lat' dir='ltr'>tatem</span> <span class='ocrx_word' id='word_1_162' title='bbox 434 1779 452 1808; x_wconf 73' lang='lat'><em>7</em></span> <span class='ocrx_word' id='word_1_163' title='bbox 468 1762 584 1794; x_wconf 81' lang='lat' dir='ltr'>autor</span> <span class='ocrx_word' id='word_1_164' title='bbox 605 1755 735 1809; x_wconf 87' lang='lat' dir='ltr'>figura</span> <span class='ocrx_word' id='word_1_165' title='bbox 754 1756 781 1794; x_wconf 87' lang='grc'>4</span> <span class='ocrx_word' id='word_1_166' title='bbox 797 1757 978 1811; x_wconf 87' lang='lat' dir='ltr'>apprime</span> <span class='ocrx_word' id='word_1_167' title='bbox 999 1757 1082 1811; x_wconf 88' lang='lat' dir='ltr'>ipse</span> <span class='ocrx_word' id='word_1_168' title='bbox 1100 1758 1291 1812; x_wconf 80' lang='lat' dir='ltr'>expressit</span> <span class='ocrx_word' id='word_1_169' title='bbox 1307 1771 1315 1807; x_wconf 81' lang='lat'><em>3</em></span> <span class='ocrx_word' id='word_1_170' title='bbox 1333 1772 1423 1812; x_wconf 84' lang='lat' dir='ltr'>quae</span> <span class='ocrx_word' id='word_1_171' title='bbox 1438 1757 1553 1798; x_wconf 86' lang='lat' dir='ltr'>Helix</span> <span class='ocrx_word' id='word_1_172' title='bbox 1573 1759 1738 1800; x_wconf 88' lang='lat' dir='ltr'>Olivieri</span> 
     </span>
     <span class='ocr_line' id='line_1_23' title="bbox 295 1822 1741 1877; baseline 0.003 -16"><span class='ocrx_word' id='word_1_173' title='bbox 295 1837 319 1862; x_wconf 87' lang='lat' dir='ltr'>a</span> <span class='ocrx_word' id='word_1_174' title='bbox 344 1822 402 1862; x_wconf 88' lang='lat' dir='ltr'>Cl.</span> <span class='ocrx_word' id='word_1_175' title='bbox 438 1822 733 1877; x_wconf 87' lang='lat' dir='ltr'>Draparnaldio</span> <span class='ocrx_word' id='word_1_176' title='bbox 762 1824 934 1863; x_wconf 86' lang='lat' dir='ltr'>varietas</span> <span class='ocrx_word' id='word_1_177' title='bbox 963 1838 1047 1863; x_wconf 79' lang='lat' dir='ltr'>suae</span> <span class='ocrx_word' id='word_1_178' title='bbox 1068 1825 1114 1864; x_wconf 91' lang='lat' dir='ltr'>H.</span> <span class='ocrx_word' id='word_1_179' title='bbox 1146 1825 1439 1864; x_wconf 86' lang='lat' dir='ltr'>cartusianellae</span> <span class='ocrx_word' id='word_1_180' title='bbox 1474 1826 1647 1877; x_wconf 83' lang='lat' dir='ltr'>credita,</span> <span class='ocrx_word' id='word_1_181' title='bbox 1669 1842 1741 1867; x_wconf 88' lang='lat' dir='ltr'>sae-</span> 
     </span>
     <span class='ocr_line' id='line_1_24' title="bbox 294 1889 1740 1945; baseline 0.003 -17"><span class='ocrx_word' id='word_1_182' title='bbox 294 1889 383 1943; x_wconf 90' lang='lat' dir='ltr'>pius</span> <span class='ocrx_word' id='word_1_183' title='bbox 416 1904 488 1943; x_wconf 89' lang='lat' dir='ltr'>pro</span> <span class='ocrx_word' id='word_1_184' title='bbox 510 1890 687 1943; x_wconf 89' lang='lat' dir='ltr'>genuina</span> <span class='ocrx_word' id='word_1_185' title='bbox 719 1892 850 1945; x_wconf 88' lang='lat' dir='ltr'>specie</span> <span class='ocrx_word' id='word_1_186' title='bbox 881 1893 1120 1931; x_wconf 89' lang='lat' dir='ltr'>commutari</span> <span class='ocrx_word' id='word_1_187' title='bbox 1152 1892 1305 1932; x_wconf 83' lang='lat' dir='ltr'>assolet.</span> <span class='ocrx_word' id='word_1_188' title='bbox 1336 1893 1496 1932; x_wconf 80' lang='lat' dir='ltr'>Testam</span> <span class='ocrx_word' id='word_1_189' title='bbox 1518 1893 1592 1932; x_wconf 87' lang='lat' dir='ltr'>sub</span> <span class='ocrx_word' id='word_1_190' title='bbox 1612 1895 1740 1934; x_wconf 91' lang='lat' dir='ltr'>nomi-</span> 
     </span>
     <span class='ocr_line' id='line_1_25' title="bbox 294 1957 1738 2014; baseline 0.003 -19"><span class='ocrx_word' id='word_1_191' title='bbox 294 1971 344 1995; x_wconf 91' lang='lat' dir='ltr'>ne</span> <span class='ocrx_word' id='word_1_192' title='bbox 368 1957 515 1996; x_wconf 86' lang='lat' dir='ltr'>Helicis</span> <span class='ocrx_word' id='word_1_193' title='bbox 540 1959 728 1998; x_wconf 84' lang='lat' dir='ltr'>croaticae</span> <span class='ocrx_word' id='word_1_194' title='bbox 759 1958 888 2013; x_wconf 67' lang='lat' dir='ltr'>Ziefsl.</span> <span class='ocrx_word' id='word_1_195' title='bbox 917 1966 1093 2013; x_wconf 81' lang='lat' dir='ltr'>emptam</span> <span class='ocrx_word' id='word_1_196' title='bbox 1131 1960 1313 2014; x_wconf 88' lang='lat' dir='ltr'>possideo</span> <span class='ocrx_word' id='word_1_197' title='bbox 1337 1973 1360 1999; x_wconf 89' lang='lat' dir='ltr'>a</span> <span class='ocrx_word' id='word_1_198' title='bbox 1388 1966 1524 1999; x_wconf 87' lang='lat' dir='ltr'>nostra</span> <span class='ocrx_word' id='word_1_199' title='bbox 1551 1962 1738 2001; x_wconf 86' lang='lat' dir='ltr'>cartusia-</span> 
     </span>
     <span class='ocr_line' id='line_1_26' title="bbox 295 2025 1512 2082; baseline 0.004 -20"><span class='ocrx_word' id='word_1_200' title='bbox 295 2025 403 2063; x_wconf 88' lang='lat' dir='ltr'>nella</span> <span class='ocrx_word' id='word_1_201' title='bbox 425 2039 507 2064; x_wconf 92' lang='lat' dir='ltr'>non</span> <span class='ocrx_word' id='word_1_202' title='bbox 526 2026 601 2065; x_wconf 88' lang='lat' dir='ltr'>nisi</span> <span class='ocrx_word' id='word_1_203' title='bbox 629 2028 735 2081; x_wconf 92' lang='lat' dir='ltr'>spira</span> <span class='ocrx_word' id='word_1_204' title='bbox 759 2027 962 2081; x_wconf 87' lang='lat' dir='ltr'>paulisper</span> <span class='ocrx_word' id='word_1_205' title='bbox 987 2028 1176 2067; x_wconf 88' lang='lat' dir='ltr'>evectiori</span> <span class='ocrx_word' id='word_1_206' title='bbox 1206 2028 1512 2082; x_wconf 88' lang='lat' dir='ltr'>discrepantem.</span> 
     </span>
    </p>
   </div>
   <div class='ocr_carea' id='block_1_8' title="bbox 296 2100 1737 2222">
    <p class='ocr_par' dir='ltr' id='par_1_8' title="bbox 296 2100 1737 2222">
     <span class='ocr_line' id='line_1_27' title="bbox 351 2100 1737 2158; baseline 0.002 -18"><span class='ocrx_word' id='word_1_207' title='bbox 351 2108 548 2141; x_wconf 46' lang='lat' dir='ltr'>Hammmo.</span> <span class='ocrx_word' id='word_1_208' title='bbox 573 2100 646 2140; x_wconf 89' lang='lat' dir='ltr'>Die</span> <span class='ocrx_word' id='word_1_209' title='bbox 670 2102 720 2141; x_wconf 86' lang='grc'>16</span> <span class='ocrx_word' id='word_1_210' title='bbox 736 2102 843 2156; x_wconf 88' lang='lat' dir='ltr'>junii</span> <span class='ocrx_word' id='word_1_211' title='bbox 868 2101 971 2141; x_wconf 80' lang='lat'>1825</span> <span class='ocrx_word' id='word_1_212' title='bbox 996 2102 1102 2141; x_wconf 89' lang='lat' dir='ltr'>hanc</span> <span class='ocrx_word' id='word_1_213' title='bbox 1130 2102 1303 2156; x_wconf 86' lang='lat' dir='ltr'>speciem</span> <span class='ocrx_word' id='word_1_214' title='bbox 1321 2102 1429 2157; x_wconf 84' lang='lat' dir='ltr'>(jam</span> <span class='ocrx_word' id='word_1_215' title='bbox 1452 2116 1559 2142; x_wconf 85' lang='lat' dir='ltr'>anno</span> <span class='ocrx_word' id='word_1_216' title='bbox 1585 2117 1737 2158; x_wconf 84' lang='lat' dir='ltr'>praece-</span> 
     </span>
     <span class='ocr_line' id='line_1_28' title="bbox 296 2167 1736 2222; baseline 0.003 -16"><span class='ocrx_word' id='word_1_217' title='bbox 296 2167 406 2206; x_wconf 85' lang='lat' dir='ltr'>denti</span> <span class='ocrx_word' id='word_1_218' title='bbox 433 2167 666 2221; x_wconf 84' lang='lat' dir='ltr'>Antverpiae</span> <span class='ocrx_word' id='word_1_219' title='bbox 705 2175 817 2208; x_wconf 86' lang='lat' dir='ltr'>extra</span> <span class='ocrx_word' id='word_1_220' title='bbox 848 2175 1004 2222; x_wconf 85' lang='lat' dir='ltr'>portam</span> <span class='ocrx_word' id='word_1_221' title='bbox 1036 2169 1201 2208; x_wconf 86' lang='lat' dir='ltr'>rubram</span> <span class='ocrx_word' id='word_1_222' title='bbox 1234 2184 1257 2209; x_wconf 93' lang='lat' dir='ltr'>a</span> <span class='ocrx_word' id='word_1_223' title='bbox 1289 2184 1353 2208; x_wconf 91' lang='lat' dir='ltr'>me</span> <span class='ocrx_word' id='word_1_224' title='bbox 1384 2170 1551 2220; x_wconf 87' lang='lat' dir='ltr'>lectam)</span> <span class='ocrx_word' id='word_1_225' title='bbox 1577 2171 1736 2211; x_wconf 88' lang='lat' dir='ltr'>Soncho</span> 
     </span>
    </p>
   </div>
  </div>
 </body>
</html>
