2027 2701
288 225 341 266 74
876 223 1151 263 GASTEROPODA
1170 246 1173 249 v

287 355 387 395 quas
416 354 536 393 supra
568 352 640 392 pro
665 336 797 389 specie
828 335 966 374 adulta
994 335 1281 383 indicavimus,
1305 334 1357 373 ab
1385 335 1592 375 individuo
1620 337 1733 376 femi-

286 422 362 447 neo
374 437 382 455 ,
394 407 501 460 quod
518 418 627 443 mare
642 416 799 456 semper
814 401 944 456 majus
959 402 1295 456 deprehenditur,
1312 402 1477 441 fuerunt
1498 403 1730 456 desumptae.

341 494 539 528 HAmmno.
562 482 609 521 In
631 481 745 535 aquis
773 481 1053 535 stagnantibus
1078 481 1230 535 ubique
1259 482 1545 534 vulgatissima.

338 598 402 636 92.
422 598 492 636 P...
513 596 717 635 Acunum
741 595 855 634 Lam.
877 594 974 633 Icon
995 594 1123 647 Drap.
1158 594 1236 634 tab.
1263 595 1298 634 l.
1319 598 1387 649 fifs.
1411 594 1474 633 18.

337 686 458 718 Smox.
488 676 625 715 Nerita
657 675 824 714 fasciata
849 673 966 713 Mull.
1000 672 1255 726 Cyclostoma
1283 673 1516 712 achatinum
1543 673 1617 712 Dr.
1653 673 1732 727 Cy-

279 746 472 785 clostoma
499 744 722 797 viviparum
744 746 765 785 ,Β
786 741 933 781 Brard.
957 740 1118 780 Hartm.

336 833 499 866 Dum-os.
531 823 574 861 P.
610 828 713 861 testa
754 820 1062 874 subpcrforata,
1097 819 1374 867 solidiuscula,
1411 821 1730 868 ovato-conica,

281 891 639 939 albido-virente;
659 888 830 942 cingulis
864 887 1050 934 rubellis3
1088 887 1238 926 vertice
1278 886 1441 937 obtuso,
1475 886 1731 926 anfractuum

281 960 428 999 suturis
454 957 689 998 rotundatis.

334 1048 542 1081 DEscmmo.
584 1037 728 1076 Incola
761 1034 1027 1089 praecedentis
1058 1035 1127 1072 sed
1156 1034 1354 1087 pallidior.
1391 1034 1510 1073 Testa
1548 1033 1601 1074 27
1633 1034 1729 1072 mill.

278 1108 422 1160 longa,
449 1105 496 1145 17
528 1105 628 1151 alta,
650 1102 705 1141 20
739 1116 892 1149 crassa,
916 1100 1159 1153 praecedenti
1190 1100 1376 1146 solidior,
1398 1101 1523 1151 magis
1559 1100 1697 1138 conica
1720 1130 1728 1147 ,

277 1173 482 1227 gracilior,
504 1171 620 1224 spirae
651 1169 766 1222 apice
797 1168 950 1206 obtuso.
974 1166 1193 1205 Anfractus
1219 1166 1260 1203 in
1285 1166 1383 1204 meis
1403 1166 1601 1219 quinque,
1625 1179 1727 1218 quo-

278 1239 376 1277 libet
403 1240 484 1291 qua
513 1237 708 1274 minorem
739 1239 893 1287 spectat
923 1232 1085 1279 declivi,
1117 1232 1249 1269 fasciis
1281 1232 1409 1269 tribus
1439 1232 1644 1271 duabusve
1665 1246 1728 1270 ru-

278 1305 392 1344 bellis
410 1309 559 1342 notato.
580 1302 783 1355 Apertura
800 1306 938 1346 ovata,
963 1298 1111 1350 angulo
1129 1297 1325 1350 superiori
1342 1297 1468 1350 magis
1489 1311 1611 1349 quam
1628 1298 1669 1336 in
1685 1297 1726 1337 P.

278 1373 454 1426 vivipara
482 1377 612 1410 acuto.
635 1369 856 1408 Peristoma
881 1366 1068 1420 simplex,
1102 1365 1283 1404 foramen
1313 1364 1410 1403 semi
1439 1364 1644 1418 obtegens.

333 1458 555 1493 Osssssavmio.
587 1449 707 1487 Testa
730 1453 884 1485 nostras
915 1446 1043 1498 figura
1068 1444 1418 1498 Draparnaldiana
1444 1450 1483 1482 et
1507 1444 1726 1497 specimine

278 1525 412 1571 empto
437 1532 485 1556 ex
507 1516 648 1563 Italia,
671 1513 792 1567 paulo
823 1512 953 1550 minor
973 1518 1032 1550 est
1046 1524 1054 1559 3
1073 1512 1141 1550 scd
1166 1526 1187 1549 c
1216 1518 1356 1550 contra
1380 1525 1473 1550 cum
1500 1511 1727 1564 specimini-

276 1586 351 1625 bus
376 1599 423 1624 ex
441 1584 600 1636 Angliae
629 1581 795 1620 flumine
816 1580 849 1618 T
853 1579 974 1619 amesi
1001 1579 1327 1632 provenientibus
1353 1580 1473 1631 plane
1494 1579 1723 1618 concordat.

332 1674 529 1707 Hsmmxo.
553 1661 601 1700 In
624 1661 727 1715 Dyla
746 1659 930 1708 Lovanii,
952 1659 994 1697 in
1009 1656 1382 1712 canaleBruxelfis,
1404 1659 1626 1709 invenitur,
1647 1672 1727 1697 non

278 1734 465 1788 frequens
498 1738 646 1770 tamen.

331 1842 396 1882 93.
420 1842 489 1882 Ρ...
515 1841 665 1881 IMPURA
684 1839 798 1879 Lam.
820 1839 917 1878 Icon
932 1838 1062 1892 Drap.
1083 1836 1161 1876 tab.
1182 1835 1215 1875 1.
1233 1838 1301 1890 fiy.
1328 1834 1389 1873 19.

331 1931 452 1963 SYNow.
483 1921 599 1960 Helix
627 1920 877 1959 tentaculata
903 1919 996 1958 Lm.
1015 1918 1152 1958 Nerita
1169 1916 1373 1971 jaculator
1405 1912 1524 1954 Mull.
1558 1913 1723 1968 Cyclos-

276 1999 384 2030 toma
414 1991 617 2044 impurum
644 1988 776 2042 Drap.

330 2079 491 2111 Dmmvos.
515 2068 555 2108 P.
577 2074 679 2107 testa
700 2068 979 2122 imperforata,
997 2072 1130 2116 ovata,
1147 2063 1579 2112 flavescente-cornea,
1599 2061 1721 2115 pellu-

274 2139 382 2186 cida,
410 2138 516 2191 spira
535 2135 732 2177 subulata.
