2027 2701
252 255 278 310 ij

308 379 474 420 Finibus
497 375 748 417 naturalibus
771 374 903 428 potius
928 389 1051 429 quam
1078 374 1250 429 politicis
1275 374 1513 429 opusculum
1533 374 1699 413 circum-

251 448 335 502 sepi
359 462 366 486 ε
390 444 701 500 septentrionem
722 455 878 492 versus,
901 441 1014 482 fluvii
1044 441 1223 497 Rupela,
1246 442 1436 490 Demera,
1459 442 1510 481 ad
1531 456 1699 481 caurum

254 513 546 567 (Nord-ouest)
577 509 749 556 Scaldis,
782 509 833 548 ad
869 509 1119 549 occidentem
1146 516 1186 549 et
1225 509 1396 556 africum
1425 509 1697 562 (Sud-ouest)

252 581 419 629 Tenera,
437 577 588 618 Ninivae
605 583 734 624 tenus,
753 582 875 629 atque
892 576 1042 625 Marca,
1062 578 1113 616 ad
1128 578 1324 617 orientem
1341 577 1468 616 Geeta
1484 577 1613 632 major
1624 577 1698 617 val-

251 650 379 702 lisque
400 646 491 701 pagi
506 643 711 684 Jaudrain
730 644 922 683 terminos
942 643 1064 699 hujus
1080 645 1193 697 regni
1213 645 1482 699 portiunculae
1503 645 1611 699 apud
1627 659 1698 684 nos

250 715 444 763 efficient,
467 727 542 751 nec
563 713 701 765 itaque
718 711 793 750 nisi
812 718 994 750 austrum
1011 717 1051 750 et
1065 718 1305 750 euronotum
1324 711 1523 765 (Sud-est)
1545 726 1695 759 versus,

249 782 431 835 politicos
465 779 744 819 deficientibus
765 778 1038 828 naturalibus,
1071 784 1231 817 secutus
1251 792 1339 817 sum
1358 777 1514 817 limites.

303 896 423 936 Hisce
446 897 751 950 circumscripta
776 895 940 944 finibus,
971 894 1193 934 Brahantia
1219 894 1404 934 australis
1436 894 1609 948 spatium
1633 893 1697 933 in-

250 964 377 1002 cludit
396 958 555 1002 circitcr
579 963 655 1004 127
678 964 886 1001 leucarum
908 977 1040 1015 geogr.
1064 963 1272 1016 quadrat.,
1302 961 1418 1016 cujus
1442 962 1620 1001 medium
1640 963 1700 1000 in-

250 1030 433 1070 tersitum
455 1037 514 1069 cst
534 1030 652 1084 sylvis
669 1030 804 1068 Soniae
822 1036 862 1068 ct
883 1029 1107 1077 Mem-dael,
1129 1043 1288 1068 necnon
1313 1029 1549 1068 continuata
1570 1029 1702 1082 sylvu-

249 1099 381 1138 larum
413 1098 513 1136 serie
551 1112 642 1151 quae
671 1098 721 1136 ab
747 1097 871 1135 africo
908 1097 959 1135 ad
1001 1097 1167 1135 etesiam
1206 1096 1403 1150 pandunt.
1444 1095 1583 1134 Solum
1612 1096 1699 1150 ejus

250 1166 365 1206 valde
395 1165 621 1219 inaequale,
650 1165 701 1204 ab
733 1171 868 1204 austro
890 1163 940 1202 ad
964 1163 1302 1217 septentrionem,
1332 1162 1602 1202 differentiam
1633 1177 1700 1202 cx-

250 1233 383 1281 hibct,
409 1233 439 1271 si
463 1232 641 1271 libellam
669 1238 843 1285 spectes,
871 1230 949 1268 182
973 1236 1192 1269 metrorum
1215 1246 1223 1270 :
1247 1237 1444 1284 punctum
1469 1231 1577 1270 enim
1606 1245 1698 1285 sep-

250 1300 493 1340 tentrionale
521 1299 724 1345 infimum,
749 1298 803 1336 26
830 1303 945 1336 metr.
973 1303 1014 1335 et
1041 1298 1217 1336 australe
1237 1299 1409 1337 maxime
1435 1299 1587 1337 editum
1617 1298 1700 1338 208

251 1368 387 1407 metris
410 1367 466 1419 (l)
487 1381 606 1420 super
625 1366 746 1405 maris
771 1364 1023 1419 superficiem
1047 1364 1217 1413 eminet,
1247 1365 1356 1404 unde
1380 1365 1554 1404 mediam
1578 1365 1700 1404 totius

251 1434 466 1491 provinciae
495 1447 617 1487 supra
641 1447 838 1472 oceanum
867 1432 1141 1481 altitudinem,
1167 1431 1244 1473 117
1265 1438 1487 1471 metrorum
1515 1446 1599 1471 esse
1618 1433 1701 1472 col-

250 1503 399 1557 ligitur.

309 1611 551 1650 constitutio
581 1610 839 1665 geognostica
873 1624 897 1650 a
926 1609 1097 1649 terrenis
1126 1608 1343 1648 transitivis
1380 1609 1628 1649 secundariis
1660 1614 1702 1648 et

253 1678 441 1718 tertiariis
457 1677 595 1728 simul,
613 1683 667 1716 ut·
681 1677 891 1718 alluvionis
912 1676 1235 1732 praetermittam,
1257 1682 1381 1715 tenet.
1402 1675 1581 1715 Terrena
1596 1682 1702 1715 tran-

255 1746 368 1786 sitiva
407 1745 567 1784 tertiam
610 1745 806 1784 duntaxat
849 1745 1068 1799 provinciae
1109 1744 1193 1784 fere
1232 1750 1388 1798 partem
1423 1743 1700 1792 constituunt,

256 1820 295 1852 et
323 1812 521 1852 exclusive
552 1812 809 1866 reperiuntur
837 1813 889 1852 ad
923 1819 1105 1852 austrum
1137 1812 1257 1852 lineae
1288 1825 1382 1866 quae
1409 1811 1503 1850 i'nde
1540 1825 1564 1850 a
1596 1825 1701 1865 pago

256 1878 571 1919 Denderwinlzel
591 1879 717 1930 (inter
741 1878 790 1918 N
789 1880 939 1928 {aivam
962 1887 1002 1919 et
1029 1879 1226 1934 Anqiam)
1249 1879 1300 1919 ad
1320 1878 1486 1918 Landen
1495 1910 1508 1927 ,
1526 1879 1700 1933 supponi

258 1954 386 2001 potest
396 1962 405 1997 ;
426 1947 491 1987 hic
508 1947 678 1987 schistus
694 1948 871 1996 ardesia,
891 1963 962 1988 seu
980 1947 1260 2002 thonschiefer,
1277 1948 1409 1987 stratis
1429 1946 1701 1987 subordinatis

299 2076 340 2114 (1)
363 2076 403 2104 Cf.
424 2077 517 2105 Patris
538 2077 597 2105 mei
624 2077 760 2106 Mduzoire
781 2088 832 2105 sm·
856 2077 884 2106 la
910 2077 1078 2116 qe'oyraplzie
1093 2077 1237 2116 physique
1256 2077 1297 2105 du
1320 2077 1452 2105 Brahmt
1473 2075 1649 2105 Mdridional
1670 2075 1702 2103 in

263 2127 351 2157 Νοιιυ,
376 2129 456 2157 Me'm.
478 2130 510 2157 cle
539 2130 711 2158 Z'Acade'mie
735 2130 832 2169 royale
855 2130 903 2158 des
921 2131 1044 2158 πίθησθε
1067 2134 1093 2157 et
1117 2129 1311 2157 belles-lettres
1332 2129 1364 2157 cle
1382 2128 1548 2165 Brzcoelles,
1576 2132 1645 2156 tom.
1672 2127 1709 2156 III

260 2181 361 2217 (1822)
373 2182 453 2210 unde
465 2183 544 2221 quod
557 2184 588 2211 'm
602 2183 795 2222 sequentibus
811 2183 935 2222 pagellis
950 2183 987 2212 ad
999 2182 1241 2221 meteorologiam
1254 2186 1366 2221 spectat
1388 2183 1477 2211 etiam
1490 2181 1667 2220 deprompsi.
