2027 2701
256 219 310 259 86
866 217 1073 257 AGEPHALA

314 340 512 375 HAmuTio.
537 333 665 385 Prope
685 330 892 379 Weohter,
908 331 1015 370 inter
1031 345 1196 370 arenam
1217 345 1239 370 e
1257 330 1380 371 fluvio
1399 331 1571 372 Demera
1590 334 1695 388 ejec-

257 407 363 450 tam,
392 402 526 441 valvas
556 399 691 453 plures
722 404 926 452 separatas
959 398 1044 452 ipse
1066 398 1212 438 inveni.
1248 398 1307 438 Ex
1335 413 1431 453 agro
1451 399 1699 440 Bruxellensi

259 468 350 508 Am.
387 467 486 521 Nyst
517 472 558 505 et
591 479 639 504 ex
670 464 874 517 Nivigellae
910 464 1065 504 viciniis
1091 465 1181 505 Am.
1212 464 1371 506 Cravau
1400 479 1562 520 quoque
1589 480 1701 506 com-

258 534 580 575 municaverunt.
612 531 701 572 Non
731 532 966 571 communis.

707 638 736 692 Ἰ-
753 637 782 692 †
802 644 904 678 Tubo
931 649 1064 678 exserto
1096 645 1245 691 duplici.

696 746 803 782 GEN.
831 746 887 781 19.
912 746 1096 781 CYCLAS.
1123 746 1244 794 Drap.

545 820 695 855 Tellinae
720 832 773 866 sp.
803 819 887 854 Lm.
921 818 1025 854 Mull.
1053 819 1173 865 Cyclas
1203 831 1256 865 sp.
1290 818 1407 866 Bruy.

311 925 475 968 Animal
510 931 692 974 ovatum,
724 938 916 964 crassum.
938 923 1110 963 Pallium
1141 923 1294 972 antice,
1325 938 1447 978 supra
1473 929 1513 963 et
1532 925 1702 978 postice,

257 996 460 1042 clausum,
487 994 646 1047 inferne
678 991 790 1031 modo
823 992 1025 1045 apertum,
1064 991 1188 1030 limbo
1226 992 1408 1046 simplici.
1440 991 1494 1032 Os
1514 1006 1703 1046 parvum,

258 1061 549 1117 appendicibus
569 1059 783 1098 labialibus
813 1058 1001 1111 angustis.
1029 1056 1239 1096 Branchiae
1260 1058 1494 1111 inaequales.
1516 1058 1622 1098 Tubi
1643 1059 1705 1098 vel

259 1130 449 1185 siphones
468 1129 548 1168 duo
569 1126 708 1182 qlabri
717 1157 730 1175 ,
748 1124 940 1178 inferiore
960 1123 1241 1176 respiratorio,
1262 1124 1467 1176 superiore
1485 1125 1609 1164 anali.
1632 1124 1705 1163 Pes

259 1197 490 1250 elongatus,
509 1200 721 1248 angustus,
753 1198 793 1231 et
821 1190 935 1244 quasi
956 1189 1304 1243 appendiculatus.

313 1305 434 1344 Testa
464 1301 716 1356 aequivalviS,
744 1300 897 1348 tenuis,
929 1298 1269 1347 suborbicularis,
1293 1298 1456 1338 natibus
1475 1312 1631 1352 semper
1656 1300 1707 1338 le-

259 1372 392 1420 vibus,
409 1371 628 1424 ligamento
644 1374 822 1407 externo.
841 1366 1026 1406 Cardinis
1041 1365 1174 1405 dentes
1188 1364 1311 1405 medii
1326 1366 1499 1416 minimi,
1516 1365 1570 1405 ad
1581 1366 1709 1406 maxi-

261 1453 370 1479 mum
405 1437 482 1477 duo
511 1438 556 1476 in
587 1435 721 1476 eadem
747 1434 883 1482 valva,
914 1435 940 1473 i.
965 1449 1000 1473 e.
1031 1435 1094 1474 vel
1123 1434 1202 1472 duo
1231 1434 1273 1472 in
1304 1433 1418 1474 valva
1455 1433 1625 1488 singula,
1656 1435 1707 1473 al-

261 1513 415 1547 terutro
439 1506 528 1560 plus
552 1504 732 1543 minusve
752 1502 909 1552 lobat0‚
930 1502 992 1541 vel
1013 1501 1092 1540 duo
1113 1502 1313 1555 simplices
1336 1501 1379 1540 in
1403 1502 1485 1540 una
1505 1507 1546 1541 et
1563 1501 1706 1541 unicus

262 1573 498 1614 sublobatus
521 1572 563 1610 in
584 1570 711 1610 altera
731 1584 739 1608 t
765 1569 952 1609 laterales
980 1568 1326 1622 longitudinaliter
1345 1569 1538 1623 elongati,
1564 1569 1707 1609 lamel-

264 1640 454 1681 liformes.

314 1756 327 1769 *
355 1756 394 1795 T
391 1755 485 1796 ubis
502 1754 694 1809 posticis,
723 1750 964 1806 disjunctis,
1004 1750 1116 1806 lonqe
1146 1749 1325 1790 exsertis.
1354 1747 1511 1802 Cyclas.
1541 1747 1678 1802 Pseiff.

325 1866 416 1907 106.
447 1865 518 1906 C...
550 1865 755 1906 meom.
782 1863 921 1919 Pfeiff.
947 1861 1045 1902 Icon
1077 1861 1206 1915 Drap.
1244 1859 1322 1900 tab.
1354 1858 1405 1898 10
1429 1861 1498 1914 fiq.
1532 1858 1568 1897 l.
1598 1858 1637 1897 2.
1669 1857 1707 1897 3,

324 1955 450 1989 Smon.
484 1945 627 2000 Cyclas
651 1959 799 1985 cornea
833 1944 960 1998 Drap.
995 1939 1142 1982 Brard.
1173 1953 1248 1979 nec
1268 1938 1355 1978 Lin.
1388 1937 1485 1990 (sub
1512 1937 1705 1988 Tellina).

325 2037 487 2071 DlAGNos.
521 2026 564 2066 C.
596 2032 699 2066 testa
728 2023 1108 2071 virescente-fusca,
1143 2018 1581 2072 rotundato-oblonga,
1611 2018 1707 2057 soli-

271 2096 476 2144 diuscula,
507 2095 750 2144 ventricosa,
779 2093 940 2142 striata,
976 2090 1080 2131 striis
1112 2089 1293 2137 elevatis,
1325 2087 1536 2135 conserti53
1566 2086 1707 2126 umbo-

274 2163 391 2202 nibus
416 2163 577 2202 obtusis.
