2027 2701
260 203 314 242 20
828 198 1102 236 GASTEROPODA

319 324 545 359 Osssssnvmo.
568 312 680 351 Licet
709 309 846 349 Helice
869 307 1007 347 striata
1031 306 1119 346 haee
1148 308 1298 361 species
1328 309 1455 348 multo
1475 310 1607 350 minor
1629 312 1698 363 sit,

265 385 374 425 striae
402 391 536 422 tamen
564 392 681 432 aeque
710 376 827 415 facile
856 375 965 414 nudo
993 375 1110 413 oculo
1138 375 1407 429 aspiciuntur,
1430 383 1470 416 et
1497 377 1571 416 sub
1594 379 1701 419 lente

264 452 441 506 granulis
465 464 533 488 sou
564 444 721 500 punctis
751 443 900 496 asperis
931 442 1107 481 seriatim
1141 443 1277 496 positis
1312 444 1429 497 (quae
1456 444 1498 482 in
1526 443 1702 484 Pfeifferi

265 520 379 558 icone
410 516 497 555 vitri
531 512 678 552 auxilio
708 524 870 564 quoque
897 510 1111 562 videntur)
1145 517 1344 564 coopertae
1376 518 1479 551 sunt.
1505 511 1569 551 Ad
1601 511 1705 551 Heli-

264 600 351 625 cem
382 586 689 634 conspurcatam
721 578 849 630 Drap.
879 576 936 629 (l)
960 577 1126 615 australi
1151 577 1324 632 Europae
1352 579 1455 632 parti
1482 579 1705 618 secundum

264 649 529 701 Malacologos
554 645 776 700 propriam,
807 651 847 683 et
876 642 991 697 cujus
1022 644 1156 682 locum
1187 643 1229 681 in
1260 644 1489 684 borealibus
1523 645 1706 699 partibus

262 725 399 757 tenere
420 715 599 762 videtur,
627 720 710 752 tam
730 712 908 766 proxime
933 711 1109 759 aceedit,
1127 716 1173 749 ut
1189 710 1265 748 nisi
1287 710 1463 751 obstaret
1479 713 1704 766 glabritieS,

263 785 373 824 haud
406 782 618 822 difficulter
651 795 744 820 cum
777 794 826 819 ea
855 778 1095 818 commutari
1126 784 1271 832 posset.

319 872 516 905 Hammo.
544 862 607 901 Ad
641 867 831 900 truncum
863 859 1084 898 abietinum
1110 872 1234 912 prope
1273 857 1542 913 Pellenberq,
1577 860 1709 899 media

265 939 404 971 aestate
420 931 565 971 inveni.
588 929 684 969 Orn.
696 928 859 983 juvenis
879 927 977 981 Nyst
997 926 1139 966 eodem
1158 932 1339 981 tempore
1361 941 1410 966 ex
1430 927 1708 967 Bruxellarum

264 999 417 1038 viciniis
452 996 775 1037 communicavit.

321 1110 386 1148 22.
414 1109 490 1148 H...
520 1109 760 1148 Turnonem.
785 1106 922 1161 Pseiffl
955 1105 1051 1144 Icon
1080 1104 1218 1160 Pfeiff.
1241 1105 1272 1145 I.
1306 1105 1384 1146 tal).
1419 1106 1456 1147 2.
1485 1109 1554 1162 fiq.
1582 1107 1648 1147 22.

321 1198 441 1230 Smorz.
464 1187 580 1227 Helix
610 1187 827 1227 candidula
848 1184 982 1225 Stud?
1010 1183 1056 1224 H.
1079 1185 1320 1224 ericetorum
1347 1184 1456 1226 Nils.
1484 1201 1567 1226 non
1586 1187 1712 1242 Drap.

322 1276 489 1309 Duc-‚Nos⁸
516 1267 565 1306 II.
594 1273 698 1305 testa
725 1266 871 1319 grisea,
902 1278 1023 1318 supra
1054 1264 1281 1312 unicolore,
1311 1265 1522 1314 carinata,
1551 1267 1711 1316 striata,

267 1337 502 1376 umbilicata
518 1349 526 1385 3
547 1341 737 1388 apertura
757 1332 1026 1381 subrotunda3
1054 1332 1310 1386 peristomate
1330 1333 1554 1386 marginato
1566 1362 1575 1381 ,
1607 1333 1710 1373 albo,

321 1424 532 1458 DEscanmo.
552 1415 696 1453 Incola
712 1414 880 1467 griseus,
901 1413 1022 1466 pallio
1048 1412 1180 1462 fusco,
1206 1412 1309 1451 collo
1329 1413 1624 1467 tentaculisque
1647 1413 1713 1452 ni-

267 1484 553 1538 grescentibus.
572 1482 645 1521 Pes
662 1481 852 1535 pallidus,
878 1480 1146 1532 glaucescens.
1171 1479 1209 1518 T
1208 1486 1291 1518 esta
1308 1479 1331 1520 7
1349 1480 1444 1519 mill.
1468 1481 1609 1534 longa,
1628 1479 1654 1519 6
1672 1482 1717 1530 ¹l2

270 1553 372 1601 alta,
401 1552 427 1590 4
459 1564 612 1598 crassa,
644 1549 748 1587 striis
781 1548 942 1587 elevatis
969 1546 1142 1599 obliquis
1164 1553 1348 1596 exarata,
1374 1547 1515 1587 subtus
1544 1548 1717 1589 fasciolis

270 1619 470 1657 interdum
493 1623 666 1670 quatuor
683 1615 916 1668 interruptis
938 1619 1096 1660 notata,
1114 1619 1270 1652 mortuo
1299 1613 1493 1661 animale,
1514 1621 1560 1654 ut
1581 1616 1715 1669 plures

271 1699 530 1739 congeneres,
563 1683 684 1722 calcis
718 1683 843 1721 instar
873 1681 1090 1720 albescens.
1114 1679 1331 1719 Anfractus
1363 1680 1564 1734 quinque,
1601 1682 1714 1735 apice

271 1754 385 1806 spirae
416 1752 542 1805 magis
563 1764 685 1804 quam
707 1750 748 1788 in
773 1748 820 1788 H.
853 1749 1092 1787 ericetorum
1114 1747 1388 1801 prominente,
1412 1747 1558 1801 saepius
1576 1747 1715 1787 rubes-

273 1820 524 1859 centi-fusco.
548 1818 751 1872 Apertura
781 1816 865 1856 fere
889 1816 1074 1855 rotunda.
1098 1814 1322 1855 Umbilicus
1343 1814 1394 1854 ad
1415 1815 1571 1868 apicem
1596 1815 1715 1869 spirae

300 1893 497 1926 enetrans.

272 1902 297 1940 p
328 1961 551 1995 Onsmzvmo.
582 1950 722 1990 Icones
741 1950 889 1990 Helicis
913 1950 1066 1990 striatae
1085 1949 1240 1989 Brardii
1262 1947 1366 2000 (tab.
1390 1947 1441 1988 ΙΙ.
1469 1950 1538 2003 fiq.
1561 1948 1586 1987 5
1608 1954 1649 1987 et
1666 1949 1714 2001 6)

313 2085 355 2123 (1)
377 2084 415 2112 Cl.
441 2083 562 2120 Jeffreys
582 2082 711 2110 Helicem
737 2085 962 2118 conspui-catam
988 2080 1079 2118 Drap.
1100 2083 1134 2107 ut
1157 2079 1345 2117 synonimum
1370 2078 1476 2107 Helicis
1498 2077 1623 2116 hispidae
1648 2077 1713 2106 Lim.

274 2137 408 2172 adducit,
429 2136 538 2173 quihus
560 2135 680 2163 innixus
703 2133 922 2162 characteribus
942 2143 1001 2161 non
1026 2132 1115 2161 facile
1140 2132 1233 2170 capio.
