2027 2701
249 237 304 278 84
869 231 1079 270 ACEPHALA

249 364 404 399 crassa,
421 347 695 391 solidiuscula,
713 344 893 393 margine
908 341 1087 381 inferiori
1102 342 1280 390 sinuato,
1301 347 1414 380 extus
1430 354 1595 393 rugosa,
1612 355 1695 381 um-

250 417 423 458 bonibus
457 413 644 460 laevibus,
677 409 840 448 natibus
870 410 912 448 in
943 409 1080 448 adulto
1111 408 1385 456 decorticatis,
1406 408 1448 446 in
1461 407 1694 463 junioribus

252 482 535 528 tubereulatis,
551 477 760 526 coindatis‚
782 477 889 516 intus
906 477 1018 526 alba,
1034 477 1345 531 margaritaeea,
1363 476 1484 516 dente
1500 475 1696 516 cardinali

253 563 490 605 compresso.

310 638 533 672 Osssmzvmo.
555 626 716 680 Species
737 625 865 665 affinis
882 630 941 663 est
960 623 1054 677 Mya
1077 629 1192 662 ovata
1209 622 1332 662 Mont.
1350 637 1431 662 non
1448 621 1559 662 Lam.
1578 636 1701 676 quam

254 703 348 738 ante
362 702 499 736 notam
519 693 575 747 (l)
593 693 735 732 Listeri
754 692 904 732 Coneh.
924 690 954 730 I.
970 689 1046 731 147
1064 690 1126 743 fig.
1146 689 1183 736 3,
1203 689 1371 736 iconem,
1390 703 1413 728 a
1430 689 1488 728 Cl.
1507 689 1644 728 Maton
1661 694 1701 728 et

255 766 459 818 Racquett
477 763 662 809 citatam,
681 775 703 800 a
728 760 985 814 praecedente
1011 772 1092 796 non
1116 757 1312 796 diversam
1334 756 1504 803 credidi,
1527 769 1701 810 quaeque

256 846 367 873 nunc
387 831 519 886 potius
536 831 640 869 inter
656 835 872 882 utramque
889 826 1130 866 intermedia
1144 825 1313 865 videtur.
1335 823 1505 864 Unionis
1521 829 1705 862 rostratae

251 900 419 956 juniora
443 898 648 939 individua
672 912 764 936 cum
782 896 940 936 Unione
964 895 1163 949 pictorum
1180 892 1436 947 saepesaepius
1454 896 1707 930 commutan-

259 974 346 1007 tur:
362 967 490 1006 forma
500 972 636 1005 tamen
653 963 884 1018 angustiori,
897 964 1098 1016 elongata,
1114 969 1154 1001 et
1168 962 1349 1015 margine
1360 959 1539 999 inferiori
1551 959 1709 998 sinuato

259 1035 388 1090 primo
408 1033 617 1073 oculorum
633 1032 777 1071 obtutu
808 1031 997 1084 distingui
1029 1036 1205 1084 possunt.

318 1121 516 1155 Hammo.
537 1111 586 1151 In
612 1111 726 1163 aquis
746 1109 965 1148 fluentibus
981 1116 1020 1147 et
1040 1107 1343 1161 stagnantibus:
1360 1106 1540 1144 adultam
1562 1119 1609 1143 ex
1630 1110 1710 1142 sta-

264 1182 352 1235 gnis
366 1180 591 1220 Zoetwater
611 1192 734 1231 prope
755 1176 977 1215 Lovanium
994 1175 1185 1228 possideo,
1203 1174 1300 1213 Orn.
1322 1172 1421 1225 Nyst
1442 1185 1532 1211 eam
1548 1184 1711 1224 quoque

264 1247 461 1287 Bruxellis
483 1247 525 1284 in
550 1245 685 1283 senna
715 1243 859 1281 minori
887 1241 1053 1280 invenit.

326 1357 415 1398 104.
434 1357 510 1397 U...
532 1355 742 1395 Picmnnm.
762 1352 899 1408 Pseiff.
922 1351 1019 1391 Icon
1043 1350 1179 1405 Pseiff.
1202 1349 1232 1389 l.
1259 1348 1337 1388 tab.
1358 1348 1396 1388 5.
1415 1351 1483 1403 fiq.
1502 1347 1539 1387 9.

325 1446 490 1479 Danaos.
514 1435 564 1475 U.
583 1442 685 1474 testa
705 1435 902 1480 olivaeea‚
918 1430 1245 1483 ovato-oblonga
1258 1459 1267 1477 ‚
1283 1428 1462 1468 anterius
1481 1426 1714 1477 rotundata,

271 1504 467 1560 posterius
495 1501 787 1556 linguaeformi3
819 1500 999 1552 margine
1029 1498 1207 1536 inferiori
1232 1497 1401 1549 integro.

327 1593 543 1626 Dasminum.
566 1580 711 1620 Incola
724 1580 919 1627 cinereus,
938 1578 1038 1632 pede
1053 1575 1304 1616 flavescente.
1322 1577 1443 1615 Testa
1453 1575 1505 1616 65
1522 1575 1617 1615 mill.
1639 1575 1719 1614 lon-

275 1668 344 1708 ga,
381 1651 435 1692 34
469 1651 571 1697 alta,
593 1648 647 1687 24
668 1661 819 1695 crassa,
842 1644 1117 1693 solidiuscula‚
1140 1644 1321 1697 margine
1351 1642 1531 1681 inferiori
1558 1657 1640 1681 non
1671 1641 1721 1680 si-

275 1726 419 1767 nuato,
441 1724 554 1757 extus
576 1716 707 1755 minus
728 1728 850 1768 quam
868 1712 1140 1767 praeccdcntes
1161 1724 1330 1763 rugosa,
1348 1709 1511 1748 natibus
1532 1707 1722 1748 tubercu-

277 1788 387 1835 latis,
409 1785 625 1832 coindutis,
649 1796 752 1836 saepe
782 1781 956 1828 detritis,
974 1780 1080 1818 intus
1104 1778 1390 1825 caeruleseens‚
1408 1776 1721 1829 margaritaeea,

277 1856 464 1898 dentibus
487 1851 732 1907 compressis.

335 1945 560 1980 OBSERVATIO.
582 1933 702 1972 Testa
719 1930 859 1985 junior
884 1942 992 1982 saepe
1020 1932 1133 1966 extus
1152 1931 1377 1965 transversa
1408 1921 1512 1963 flavo
1541 1922 1725 1970 radiata,

325 2064 365 2101 (1)
387 2062 509 2090 Publice
527 2061 577 2089 hic
597 2058 689 2087 reddo
714 2057 822 2095 gratias
843 2057 906 2084 viro
930 2054 970 2082 Cl.
993 2054 1016 2082 J.
1041 2052 1196 2087 Decaisne⁷
1219 2051 1359 2079 botanico
1372 2049 1545 2086 parisiensi,
1559 2049 1612 2087 qui
1637 2047 1729 2076 iconi-

283 2117 336 2144 bus
348 2125 382 2143 ex
396 2115 499 2143 Listeri
510 2121 599 2151 opere
614 2112 645 2139 in
657 2108 840 2139 bibliotheca
856 2105 1013 2135 Lutetiam}
1025 2108 1186 2140 asservato,
1200 2103 1377 2140 desumptis,
1391 2107 1421 2130 et
1434 2101 1578 2140 excerptis
1600 2111 1616 2129 e
1630 2105 1727 2135 textu,

287 2178 385 2197 meum
406 2169 438 2195 in
452 2166 640 2196 commodum
662 2164 763 2197 factis,
786 2161 955 2201 speciminis
974 2159 1054 2188 illius
1076 2157 1259 2195 inauguralis
1272 2157 1442 2186 institutum
1457 2155 1590 2193 benigne
1604 2152 1727 2190 adjuvit.
