2027 2701
843 187 1116 230 anuomcffl.
1645 199 1698 239 21

252 306 293 340 et
316 299 604 356 Draparnaldii
627 305 641 356 (
653 304 732 345 tab.
756 305 822 346 VI.
838 309 907 361 fiq.
929 307 980 346 21
999 309 1012 360 )
1035 322 1134 362 quas
1157 307 1231 348 sub
1261 308 1338 349 hac
1370 311 1503 365 specie
1537 313 1701 354 adducit

259 367 319 408 Cl.
351 370 561 420 Ferussac,
592 372 643 411 ab
665 373 780 412 icone
809 374 983 413 Pl'cifferi
1017 382 1056 414 et
1089 389 1112 414 a
1143 376 1427 429 speciminibus
1457 380 1702 421 nostratibus

252 435 482 492 discrepant
506 446 696 492 apertura
720 440 941 480 lateraliter
975 442 1167 492 dilatata,
1195 449 1235 482 et
1261 444 1368 498 spira
1394 446 1519 499 magis
1548 448 1700 501 promi-

251 503 375 542 nenti.

304 586 502 620 HABrrnm.
530 578 577 616 In
613 579 709 619 locis
734 582 936 621 sterilibus
975 584 1109 634 siccis,
1141 587 1223 626 solo
1255 589 1479 642 praesertim
1515 592 1699 632 calcareo

251 659 374 699 prope
395 644 679 686 Roodlelooster
697 647 802 686 inter
829 649 1060 691 Tervueren
1083 660 1124 692 et
1143 654 1349 694 Bruxellas
1361 686 1370 704 ,
1392 671 1496 697 rara.

305 756 370 797 23.
391 756 467 796 Π...
485 757 650 796 STRIATA
666 757 742 797 Dr.
762 758 881 809 (escol.
896 760 926 811 f.
949 757 1010 797 IS.
1029 757 1105 811 21)
1122 758 1176 798 Ic.
1195 759 1331 815 Pfeiff.
1350 760 1421 800 Ill.
1441 768 1469 801 t.
1491 762 1527 801 6.
1544 766 1612 817 fiy.
1627 762 1695 804 23.

302 846 426 879 Sx-Nox.
446 837 492 877 H.
505 838 645 877 striata
661 837 797 892 Pfez'ff.
810 852 890 877 non
902 838 1027 878 Walk
1039 838 1107 892 (1).
1120 838 1166 879 Π,
1185 840 1401 880 intersecta
1415 840 1529 881 Poir.
1546 841 1693 882 Brard.

250 904 296 944 H.
319 911 510 959 caperata
533 905 647 959 Jeffr:
665 911 705 945 et
725 905 867 944 Autor.
890 906 1033 961 anglic.

302 989 465 1023 Dmcmos.
500 981 546 1021 H.
581 988 684 1020 testa
714 981 1025 1035 griseo-albida,
1059 980 1170 1019 fusco
1210 979 1398 1027 fasciata,
1431 979 1667 1021 umbilicata
1684 995 1692 1030 ;

246 1056 436 1102 apertura
451 1048 723 1097 subrotunda3
747 1048 1004 1100 peristomatc
1021 1048 1176 1100 patulo,
1198 1047 1436 1101 marginato.

299 1133 322 1173 β
342 1122 494 1170 Minor,
511 1121 637 1175 magis
658 1120 872 1176 depressa,
895 1122 1008 1170 alba,
1030 1122 1208 1161 obsolete
1230 1122 1410 1162 fasciata.

300 1205 508 1240 DEscmmo.
532 1197 678 1238 Incola
701 1198 906 1247 cinereus,
931 1198 1133 1236 interdum
1150 1196 1383 1245 flavescens,
1410 1198 1525 1237 dorso
1550 1198 1691 1238 obscu-

242 1266 354 1315 riori,
372 1272 577 1320 punctato.
592 1265 741 1304 Testa]
760 1266 920 1304 centim.
939 1265 1076 1319 longa,
1091 1265 1117 1304 9
1132 1265 1227 1304 mill.
1246 1266 1348 1313 lata,
1365 1265 1390 1304 5
1407 1280 1561 1315 crassa,
1579 1281 1692 1321 supe-

243 1334 325 1373 rius
345 1334 434 1387 plus
459 1333 639 1373 minusve
662 1346 863 1381 convexa,
881 1332 1043 1386 oblique
1067 1339 1108 1372 et
1134 1339 1275 1386 argute
1300 1333 1450 1372 striata.
1469 1332 1689 1373 Anfractus

243 1401 424 1455 quinque
443 1400 594 1449 ,fascia
613 1401 734 1439 unica
758 1401 819 1440 vel
847 1400 1003 1439 duabus
1030 1401 1149 1439 fuscis
1179 1401 1382 1439 interdum
1402 1401 1571 1448 laceris,
1595 1402 1686 1440 stri-

243 1468 382 1522 gisque
411 1468 615 1515 adornati,
636 1468 777 1506 ultimo
804 1467 955 1505 carinae
981 1466 1106 1505 instar
1131 1466 1239 1505 linea
1261 1466 1435 1505 candida
1451 1467 1595 1507 cincto.
1611 1467 1687 1506 Su-

242 1541 334 1574 tura
349 1536 507 1588 egregie
526 1535 749 1573 maniI'esta.
769 1533 992 1573 Umbilicus
1014 1534 1094 1572 late
1116 1539 1156 1573 et
1175 1534 1374 1588 profunde
1395 1541 1548 1588 patens
1563 1535 1687 1589 Aper-

240 1608 345 1642 turae
368 1616 505 1655 margo
533 1615 641 1640 nunc
666 1600 780 1639 albus
809 1615 918 1639 nunc
939 1615 1091 1640 roseus,

296 1684 518 1719 OBSERVATIO.
542 1676 658 1716 Helix
687 1676 828 1715 striata
852 1675 970 1715 Mull.
998 1676 1078 1714 huc
1109 1675 1373 1730 probabiliter
1401 1690 1564 1730 quoque
1588 1692 1683 1731 per-

238 1745 359 1794 tinet,
389 1745 462 1784 etsi
492 1759 515 1784 a
537 1744 699 1783 nemine
731 1750 928 1797 tanquam
960 1744 1199 1797 synonimon
1237 1743 1397 1782 citatur.
1427 1743 1514 1782 Non
1551 1744 1684 1785 differt

238 1813 345 1852 enim
367 1813 443 1852 nisi
472 1813 654 1852 absentia
686 1812 921 1861 fasciarum,
955 1812 1065 1865 quod
1094 1818 1210 1851 autor
1235 1811 1319 1866 ipse
1341 1811 1501 1851 fatetur.
1523 1811 1588 1851 Ad
1609 1827 1681 1852 ca-

238 1880 368 1919 rinam
388 1881 495 1934 quod
515 1886 693 1935 spectat,
715 1894 805 1934 quae
827 1880 868 1918 in
893 1880 1022 1919 helice
1046 1880 1185 1919 striata
1204 1879 1334 1933 Drap.
1367 1886 1461 1918 ante
1483 1886 1681 1920 remotam

239 1946 290 1987 ab
312 1961 360 1986 ea
378 1947 557 1987 Helicem
580 1947 808 2003 tltymorwn
830 1948 1033 1987 interdum
1049 1946 1351 1995 inveniebatur,
1372 1946 1459 1986 haec
1485 1946 1526 1985 in
1547 1947 1680 2002 specie
1713 1958 1717 1963 '

237 2016 374 2054 nostra
401 2015 562 2068 qualem
592 2015 995 2070 circumscripsimus,
1030 2030 1112 2054 non
1146 2015 1221 2054 nisi
1242 2015 1350 2055 linea
1382 2014 1475 2054 alba
1504 2020 1574 2054 est.

279 2127 321 2167 (l)
342 2127 478 2157 Testaeea
499 2128 615 2158 minuta
636 2130 746 2159 rariora
766 2140 812 2168 ap.
833 2130 928 2160 Maton
949 2135 979 2160 et
998 2130 1158 2170 Racquett,
1179 2136 1233 2161 etc.
