2027 2701
258 238 313 278 56
843 232 1121 271 Gismzoponl

257 345 373 399 Spira
407 343 614 398 producta.
644 339 855 394 Apertura'
884 346 1024 379 exacte
1056 346 1183 380 ovata.
1213 338 1434 380 Peristoma
1465 341 1709 382 sinistrorsus

258 412 461 466 paulisper
497 408 715 457 reflexum,
752 407 934 446 foramen
962 407 1192 447 umbilicale
1228 408 1291 448 vel
1326 408 1489 448 omnino
1519 409 1583 449 vel
1613 410 1709 449 semi

259 479 463 518 claudens.

315 565 538 599 Onsmvfflo.
572 552 620 592 In
655 553 787 607 specie
805 552 971 608 juniore
1001 552 1111 592 color
1134 553 1318 593 animalis
1348 555 1475 608 magis
1508 554 1709 608 nigrescit.

259 624 316 664 Cl.
339 621 541 661 Schubert
565 627 605 660 ct
626 620 809 674 Wagner
833 619 889 674 (1)
914 626 1148 674 aperturam
1169 628 1285 661 ovato
1300 645 1317 651 -
1333 621 1548 676 oblongam
1572 622 1713 662 imme-

259 692 335 730 rito
359 690 500 729 dicunt
521 704 528 728 :
551 689 765 727 innumera
793 687 901 726 enim
924 687 1144 741 specimina
1172 688 1508 736 examinavimus,
1540 703 1712 742 eamque

258 772 415 812 semper
437 757 607 797 vidimus
633 756 812 810 perfecte
835 762 1007 795 ovatam.

322 846 519 880 HAssmmo.
544 836 852 890 Vulgatissimus
875 836 917 874 in
947 835 1062 890 aquis
1089 835 1370 889 stagnantibus
1399 835 1562 889 ubique.

316 949 381 989 68.
405 948 478 988 L...
497 948 800 989 Aunlcummus.
822 947 951 1001 Drap.
970 947 1067 987 Icon
1087 948 1217 1002 Drap.
1238 947 1315 988 tal).
1334 948 1373 988 2.
1389 951 1457 1003 fig).
1476 948 1540 988 28.
1563 948 1628 988 29.

319 1038 441 1071 Smorz.
464 1028 581 1068 Helix
611 1028 856 1067 auricularia
880 1028 974 1067 Lm.
994 1027 1217 1067 Buccillum
1248 1029 1430 1068 auricula
1447 1027 1565 1068 Mull.

318 1117 478 1151 Dmcwos.
500 1107 544 1147 L.
570 1114 673 1146 testa
691 1107 963 1161 ampullacea,
993 1106 1182 1156 dilatata,
1204 1106 1428 1160 perforata,
1452 1107 1563 1145 tenui
1577 1120 1585 1156 ;
1612 1106 1718 1160 spira

265 1183 406 1225 acuta3
426 1182 617 1230 apertura
646 1174 1124 1228 amplissimafolssonga3
1145 1174 1403 1228 peristomate
1424 1174 1573 1227 patulo.

320 1263 530 1297 Dasmupuo.
563 1253 707 1292 Incola
736 1254 965 1306 nigrescens
983 1284 990 1301 ‚
1019 1252 1240 1291 lateraliter
1262 1252 1460 1306 pallidus,
1480 1253 1589 1300 albo,
1610 1252 1720 1291 luteo

266 1323 462 1377 nigroque
490 1321 634 1361 varius.
668 1319 787 1359 Testa
810 1319 863 1360 27
893 1319 989 1359 mill,
1017 1320 1157 1373 longa,
1179 1318 1229 1358 13
1251 1319 1352 1369 alta,
1370 1318 1426 1356 22
1451 1332 1603 1368 crassa,
1628 1318 1720 1357 lon-

268 1390 543 1445 gitudinaliter
568 1388 726 1437 striata,
745 1387 958 1441 pellucida.
984 1386 1202 1426 Anfractus
1219 1392 1413 1440 quatuor,
1435 1385 1577 1424 ultimo
1605 1385 1721 1424 valde

264 1458 424 1512 turgido
440 1487 448 1505 ,
463 1456 696 1497 ventricoso.
720 1456 870 1493 Sutura
885 1454 1097 1508 profunda.
1117 1453 1320 1508 Apertura
1336 1453 1529 1507 oblonga,
1547 1453 1590 1492 in
1607 1453 1722 1492 adul-

268 1527 318 1566 tis
340 1525 568 1564 auriformis
600 1523 824 1563 Columella
852 1522 1008 1561 fortiter
1033 1527 1149 1561 torta.
1174 1522 1371 1561 Foramen
1402 1520 1636 1561 umbilicale
1661 1525 1722 1560 sat

272 1607 476 1648 magnum.

328 1679 552 1714 Osssmwum.
573 1670 632 1710 Cl.
655 1670 806 1709 Marcel
833 1670 883 1709 de
898 1669 1035 1708 Serres
1051 1669 1092 1707 in
1110 1667 1258 1707 terreni
1276 1667 1444 1706 tertiarii
1467 1667 1613 1706 Galliae
1633 1681 1724 1706 aus-

273 1741 384 1780 tralis
416 1753 555 1792 marga
578 1738 782 1786 calcarea,
800 1735 1059 1785 flavescente,
1080 1742 1223 1783 testam
1239 1735 1410 1775 fossilem
1429 1735 1609 1789 reperuit
1628 1733 1724 1773 huic

273 1808 419 1863 speciei
448 1807 621 1846 maxime
643 1806 814 1845 affinem.

327 1895 524 1929 Ihmmuo.
546 1886 594 1925 In
614 1886 751 1925 rivulis
774 1892 814 1924 et
833 1885 948 1939 aquis
965 1883 1245 1938 stagnantibus
1273 1882 1503 1937 purioribus
1520 1881 1721 1935 frequens.

316 2010 356 2048 (1)
377 2010 541 2039 Plurimum
561 2018 609 2036 me
632 2008 742 2036 debere
762 2008 845 2046 graui
866 2012 967 2036 mente
989 2007 1130 2045 profiteor
1152 2007 1216 2034 viro
1236 2005 1275 2034 Cl.
1299 2005 1413 2043 Robyns
1434 2003 1566 2032 Historiae
1579 2001 1726 2030 naturalis

275 2062 415 2089 Bruxellis
438 2061 548 2091 fautori
572 2060 729 2099 praenobili
752 2061 806 2100 qui
827 2064 856 2088 et
882 2060 940 2090 hoc
957 2069 1047 2098 opere
1067 2064 1097 2089 et
1116 2059 1260 2093 Sturmio,
1281 2062 1312 2086 et
1336 2056 1503 2086 Ferussacio
1528 2055 1654 2093 aliisque
1679 2053 1724 2081 uli

275 2114 420 2143 benevole
440 2114 593 2143 concessit.
