2027 2701
241 221 296 260 24
823 213 1101 252 GASTEROPODA

242 338 310 371 tur
330 331 458 370 altera
475 334 562 368 erat
581 324 803 378 seligenda,
828 328 869 362 et
888 321 1133 361 Altenanam
1158 335 1251 360 cum
1271 320 1484 360 Gaertnero
1512 321 1692 361 Helicem

241 404 420 438 nostram
448 410 543 444 nec,
566 392 625 432 uti
651 389 855 437 Ammius,
881 389 1113 443 sylvestrem
1138 389 1236 436 dixi,
1270 395 1356 427 tum
1379 389 1474 442 quia
1491 387 1580 443 jam
1596 389 1696 428 dan-

242 472 309 505 tur
340 464 455 503 Helix
492 459 682 514 sylvatica
706 457 781 496 Dr.
814 456 931 496 Helix
952 457 1166 496 nemoralis
1194 456 1286 495 Lm.
1313 457 1429 495 Helix
1448 456 1696 495 nemorensis

243 531 362 571 Mull.
379 562 388 581 ‚
408 537 493 569 tum
515 527 610 581 quia
632 525 852 580 specimina
874 524 1119 564 Brabantica
1142 539 1235 564 cum
1251 523 1458 564 nonnullis
1476 523 1550 562 sub
1574 522 1697 577 priori

241 597 402 637 nomine
419 610 441 633 e
461 593 679 632 Germania
700 592 913 645 coemptiS‚
930 592 1050 645 plane
1066 592 1321 632 conveniunt.
1337 591 1521 645 Speciem
1546 591 1594 630 de
1616 604 1699 644 qua

242 664 308 702 hic
334 662 487 715 agitur,
513 667 556 699 ut
580 660 738 700 facilius
754 674 846 699 cum
866 658 1004 699 Helice
1021 659 1198 712 strigella
1212 659 1287 699 Dr.
1309 659 1433 713 possit
1452 658 1699 712 comparari,

243 728 528 770 delineandam
550 727 704 767 curavi.

300 817 499 849 Ihmwrm.
523 806 655 846 Semel
672 807 829 855 inveni,
852 807 916 846 die
936 805 985 845 19
1001 805 1110 860 junii
1131 804 1258 853 1820,
1281 805 1322 844 in
1344 805 1454 858 sylva
1471 804 1575 843 inter
1596 803 1700 843 Lub-

243 875 335 916 beek
353 882 392 914 et
413 874 655 929 Pellenbery
691 874 760 914 ubi
785 874 890 914 foliis
918 873 1035 913 Sorbi
1067 873 1301 927 aucupariae
1326 871 1502 927 junioris
1531 871 1701 911 insiden-

246 951 328 983 tem
350 942 609 996 deprehendi.

303 1054 369 1096 27.
389 1054 464 1093 ΙΙ...
486 1054 709 1093 INCARNATA
731 1051 849 1091 Mun.
866 1050 963 1090 leon
983 1049 1120 1103 Pseiff.
1143 1048 1173 1088 I.
1198 1049 1275 1088 tab.
1295 1049 1332 1088 2.
1354 1051 1422 1102 fiq.
1449 1048 1513 1086 15.

299 1130 463 1164 Dniaxos.
486 1121 533 1160 II.
552 1127 654 1159 testa
672 1119 821 1174 pallide
842 1132 991 1157 cornea
1004 1147 1013 1165 ,
1042 1117 1382 1157 conico-convexa
1394 1145 1403 1162 ‚
1421 1114 1700 1162 subcarinata,

248 1190 467 1245 perforata3
492 1194 682 1243 apertura
712 1185 1145 1234 subrotundo-lunata3
1168 1184 1425 1238 peristomate
1455 1182 1703 1235 marginatm

254 1258 477 1297 incarnato.

308 1346 522 1379 DEscmpno.
558 1333 704 1374 Incola
731 1334 950 1381 lutescens,
986 1332 1089 1370 collo
1118 1329 1416 1382 tentaculisque
1445 1326 1708 1380 nigrescenti-

255 1406 350 1452 bus,
382 1404 504 1458 pallio
526 1401 685 1456 punctis
715 1401 835 1449 albis,
857 1399 996 1448 luteis,
1017 1398 1222 1452 nigrisque
1254 1410 1426 1450 asperso.
1447 1394 1521 1434 Pes
1549 1393 1708 1433 sordide

256 1472 385 1510 albus.
414 1470 534 1509 Testa
558 1467 607 1507 13
631 1467 726 1506 mill.
758 1467 878 1519 longa
896 1496 904 1514 ⁷
926 1466 973 1504 11
1000 1472 1044 1517 72
1065 1465 1165 1513 alta,
1187 1464 1212 1502 9
1245 1477 1398 1511 crassa,
1420 1461 1680 1500 immaculata
1699 1491 1707 1508 ‚

257 1538 510 1578 transversim
544 1536 693 1575 striata.
731 1533 950 1572 Anfractus
985 1548 1072 1582 sex,
1110 1532 1251 1570 ultimo
1290 1531 1397 1569 linea
1432 1529 1527 1568 alba
1563 1528 1707 1567 cincto.

258 1606 454 1644 Foramen
472 1602 703 1642 umbilicale
721 1607 956 1654 angustum,
979 1600 1092 1638 labro
1108 1597 1356 1637 columellari
1378 1597 1525 1649 partim
1541 1601 1707 1634 tectum.

313 1692 537 1725 Osssmvmo.
557 1681 653 1720 Icon
683 1680 805 1734 Drap.
839 1680 920 1719 tab.
954 1679 1022 1719 Vl.
1054 1678 1118 1732 fig.
1150 1676 1214 1716 30.
1249 1675 1393 1715 nostris
1423 1673 1708 1728 speciminibus

261 1752 380 1806 paulo
402 1750 541 1805 major.
572 1749 769 1788 Foramen
799 1747 1031 1787 umbilicale
1064 1745 1172 1800 apud
1191 1743 1412 1783 sturmium
1430 1742 1548 1781 latius
1570 1741 1712 1795 depin-

262 1820 378 1872 gitur.
409 1818 570 1872 Species
600 1816 705 1855 inter
731 1815 940 1870 indigenas
966 1813 1186 1860 rarissima,
1216 1825 1297 1850 non
1318 1824 1473 1863 semper
1491 1823 1607 1863 aeque
1624 1822 1712 1847 ma-

266 1885 409 1925 nifeste
440 1883 710 1923 subcarinata.

316 1974 513 2007 Humum.
538 1963 670 2002 Semel
690 1963 808 2002 modo
828 1962 934 2001 hanc
958 1960 1138 2000 Helieem
1158 1958 1235 2012 legi
1257 1958 1298 1996 in
1318 1957 1428 2011 sylva
1448 1955 1580 1995 Soniae
1604 1955 1711 1995 inter

270 2032 474 2073 Waterloo
502 2037 542 2070 et
557 2029 788 2084 Alsenbe‘rq.
807 2030 1019 2084 Speeimen
1037 2025 1346 2067 communicavit
1362 2023 1420 2063 Cl.
1432 2022 1596 2062 Vander
1612 2021 1713 2061 Lin-

265 2100 367 2149 den,
386 2099 574 2152 zoologiae
595 2097 796 2138 Professor
816 2096 1102 2146 Bruxellensis‚
1120 2096 1162 2135 in
1176 2095 1273 2135 silva
1296 2092 1335 2133 T
1333 2104 1572 2140 ercameren,
1589 2104 1713 2145 prope

269 2167 409 2206 urbem
422 2197 430 2213 ‚
449 2168 667 2207 inventum.
