<?xml version="1.0" encoding="UTF-8"?>
<!DOCTYPE html PUBLIC "-//W3C//DTD XHTML 1.0 Transitional//EN"
    "http://www.w3.org/TR/xhtml1/DTD/xhtml1-transitional.dtd">
<html xmlns="http://www.w3.org/1999/xhtml" xml:lang="en" lang="en">
 <head>
  <title>
</title>
<meta http-equiv="Content-Type" content="text/html;charset=utf-8" />
  <meta name='ocr-system' content='tesseract 3.04.00' />
  <meta name='ocr-capabilities' content='ocr_page ocr_carea ocr_par ocr_line ocrx_word'/>
</head>
<body>
  <div class='ocr_page' id='page_1' title='image "./specimeninaugura00kick_0108.png"; bbox 0 0 2093 2711; ppageno 0'>
   <div class='ocr_carea' id='block_1_1' title="bbox 332 283 1382 325">
    <p class='ocr_par' dir='ltr' id='par_1_1' title="bbox 332 283 1382 325">
     <span class='ocr_line' id='line_1_1' title="bbox 332 283 1382 325; baseline -0.003 0"><span class='ocrx_word' id='word_1_1' title='bbox 332 286 386 325; x_wconf 79' lang='lat'>90</span> <span class='ocrx_word' id='word_1_2' title='bbox 724 285 934 322; x_wconf 62' lang='lat' dir='ltr'>ACEPHALA</span> <span class='ocrx_word' id='word_1_3' title='bbox 954 283 1382 323; x_wconf 63' lang='lat' dir='ltr'>LAnmme-zmcnmu.</span> 
     </span>
    </p>
   </div>
   <div class='ocr_carea' id='block_1_2' title="bbox 324 393 1780 514">
    <p class='ocr_par' dir='ltr' id='par_1_2' title="bbox 324 393 1780 514">
     <span class='ocr_line' id='line_1_2' title="bbox 324 393 1780 449; baseline 0.001 -16"><span class='ocrx_word' id='word_1_4' title='bbox 324 394 465 449; x_wconf 88' lang='lat' dir='ltr'>junior</span> <span class='ocrx_word' id='word_1_5' title='bbox 484 400 568 433; x_wconf 81' lang='lat' dir='ltr'>tota</span> <span class='ocrx_word' id='word_1_6' title='bbox 590 393 774 444; x_wconf 81' lang='lat' dir='ltr'>candida,</span> <span class='ocrx_word' id='word_1_7' title='bbox 792 394 996 448; x_wconf 83' lang='lat' dir='ltr'>diaphana</span> <span class='ocrx_word' id='word_1_8' title='bbox 1007 407 1016 443; x_wconf 75' lang='lat'><em>3</em></span> <span class='ocrx_word' id='word_1_9' title='bbox 1034 395 1209 434; x_wconf 84' lang='lat' dir='ltr'>cardinis</span> <span class='ocrx_word' id='word_1_10' title='bbox 1225 395 1364 435; x_wconf 82' lang='lat' dir='ltr'>dentes</span> <span class='ocrx_word' id='word_1_11' title='bbox 1379 395 1502 435; x_wconf 84' lang='lat' dir='ltr'>medii</span> <span class='ocrx_word' id='word_1_12' title='bbox 1522 395 1601 435; x_wconf 90' lang='lat' dir='ltr'>duo</span> <span class='ocrx_word' id='word_1_13' title='bbox 1616 396 1658 435; x_wconf 91' lang='lat' dir='ltr'>in</span> <span class='ocrx_word' id='word_1_14' title='bbox 1676 401 1780 436; x_wconf 78' lang='lat' dir='ltr'><strong>utra-</strong></span> 
     </span>
     <span class='ocr_line' id='line_1_3' title="bbox 333 461 571 514; baseline -0.004 -15"><span class='ocrx_word' id='word_1_15' title='bbox 333 475 412 514; x_wconf 81' lang='lat' dir='ltr'>que</span> <span class='ocrx_word' id='word_1_16' title='bbox 445 461 571 500; x_wconf 82' lang='lat' dir='ltr'>valva.</span> 
     </span>
    </p>
   </div>
   <div class='ocr_carea' id='block_1_3' title="bbox 331 538 1782 854">
    <p class='ocr_par' dir='ltr' id='par_1_3' title="bbox 331 538 1782 854">
     <span class='ocr_line' id='line_1_4' title="bbox 389 538 1781 594; baseline -0.001 -14"><span class='ocrx_word' id='word_1_17' title='bbox 389 548 613 581; x_wconf 63' lang='lat' dir='ltr'>Osssssavmm.</span> <span class='ocrx_word' id='word_1_18' title='bbox 638 538 727 578; x_wconf 83' lang='lat' dir='ltr'>Huc</span> <span class='ocrx_word' id='word_1_19' title='bbox 752 539 953 593; x_wconf 75' lang='lat' dir='ltr'>pertinere</span> <span class='ocrx_word' id='word_1_20' title='bbox 972 539 1130 579; x_wconf 78' lang='lat' dir='ltr'>videtur</span> <span class='ocrx_word' id='word_1_21' title='bbox 1146 540 1281 580; x_wconf 84' lang='lat' dir='ltr'>Gualt.</span> <span class='ocrx_word' id='word_1_22' title='bbox 1316 539 1397 578; x_wconf 84' lang='lat' dir='ltr'>tab.</span> <span class='ocrx_word' id='word_1_23' title='bbox 1430 539 1466 580; x_wconf 91' lang='lat'>7.</span> <span class='ocrx_word' id='word_1_24' title='bbox 1489 539 1554 594; x_wconf 81' lang='lat' dir='ltr'>fig.</span> <span class='ocrx_word' id='word_1_25' title='bbox 1585 539 1665 579; x_wconf 85' lang='lat' dir='ltr'>CC.</span> <span class='ocrx_word' id='word_1_26' title='bbox 1684 540 1781 580; x_wconf 85' lang='lat' dir='ltr'>Icon</span> 
     </span>
     <span class='ocr_line' id='line_1_5' title="bbox 332 605 1779 659; baseline 0 -14"><span class='ocrx_word' id='word_1_27' title='bbox 332 606 586 645; x_wconf 80' lang='lat' dir='ltr'>Pfeiffei·iana</span> <span class='ocrx_word' id='word_1_28' title='bbox 606 605 636 646; x_wconf 89' lang='lat' dir='ltr'>I.</span> <span class='ocrx_word' id='word_1_29' title='bbox 667 606 748 645; x_wconf 82' lang='lat' dir='ltr'>tab.</span> <span class='ocrx_word' id='word_1_30' title='bbox 779 606 805 645; x_wconf 88' lang='lat'>5</span> <span class='ocrx_word' id='word_1_31' title='bbox 826 606 890 659; x_wconf 85' lang='lat' dir='ltr'>fig.</span> <span class='ocrx_word' id='word_1_32' title='bbox 919 605 981 645; x_wconf 81' lang='grc'>19.</span> <span class='ocrx_word' id='word_1_33' title='bbox 1014 605 1079 644; x_wconf 83' lang='grc'>20.</span> <span class='ocrx_word' id='word_1_34' title='bbox 1111 606 1394 659; x_wconf 81' lang='lat' dir='ltr'><strong>speciminibus</strong></span> <span class='ocrx_word' id='word_1_35' title='bbox 1423 607 1567 645; x_wconf 85' lang='lat' dir='ltr'>nostris</span> <span class='ocrx_word' id='word_1_36' title='bbox 1594 606 1779 645; x_wconf 80' lang='lat' dir='ltr'>Braban-</span> 
     </span>
     <span class='ocr_line' id='line_1_6' title="bbox 331 671 1781 726; baseline 0.001 -16"><span class='ocrx_word' id='word_1_37' title='bbox 331 672 419 710; x_wconf 88' lang='lat' dir='ltr'>ticis</span> <span class='ocrx_word' id='word_1_38' title='bbox 446 673 566 725; x_wconf 83' lang='lat' dir='ltr'>paulo</span> <span class='ocrx_word' id='word_1_39' title='bbox 596 673 727 712; x_wconf 79' lang='lat' dir='ltr'>latior.</span> <span class='ocrx_word' id='word_1_40' title='bbox 761 673 948 726; x_wconf 75' lang='lat' dir='ltr'>Species,</span> <span class='ocrx_word' id='word_1_41' title='bbox 978 673 1009 711; x_wconf 91' lang='lat' dir='ltr'>si</span> <span class='ocrx_word' id='word_1_42' title='bbox 1040 671 1360 725; x_wconf 83' lang='lat' dir='ltr'>magnitudinem</span> <span class='ocrx_word' id='word_1_43' title='bbox 1380 686 1462 710; x_wconf 88' lang='lat' dir='ltr'>non</span> <span class='ocrx_word' id='word_1_44' title='bbox 1498 673 1690 726; x_wconf 78' lang='lat' dir='ltr'>respicis,</span> <span class='ocrx_word' id='word_1_45' title='bbox 1721 679 1781 711; x_wconf 81' lang='lat' dir='ltr'>sat</span> 
     </span>
     <span class='ocr_line' id='line_1_7' title="bbox 331 737 1782 794; baseline 0.001 -17"><span class='ocrx_word' id='word_1_46' title='bbox 331 738 435 778; x_wconf 79' lang='lat' dir='ltr'>bene</span> <span class='ocrx_word' id='word_1_47' title='bbox 451 738 635 778; x_wconf 80' lang='lat' dir='ltr'>habitum</span> <span class='ocrx_word' id='word_1_48' title='bbox 657 740 873 794; x_wconf 68' lang='lat' dir='ltr'>Cythereae</span> <span class='ocrx_word' id='word_1_49' title='bbox 893 739 1145 794; x_wconf 65' lang='lat' dir='ltr'>erycinoides</span> <span class='ocrx_word' id='word_1_50' title='bbox 1164 738 1283 778; x_wconf 82' lang='lat' dir='ltr'><strong><em>Lam.</em></strong></span> <span class='ocrx_word' id='word_1_51' title='bbox 1308 745 1426 778; x_wconf 82' lang='lat' dir='ltr'>testae</span> <span class='ocrx_word' id='word_1_52' title='bbox 1448 738 1490 777; x_wconf 91' lang='lat' dir='ltr'>in</span> <span class='ocrx_word' id='word_1_53' title='bbox 1509 737 1671 793; x_wconf 82' lang='lat' dir='ltr'>Europa</span> <span class='ocrx_word' id='word_1_54' title='bbox 1691 754 1782 779; x_wconf 84' lang='lat' dir='ltr'>aus-</span> 
     </span>
     <span class='ocr_line' id='line_1_8' title="bbox 332 806 785 854; baseline 0.007 -11"><span class='ocrx_word' id='word_1_55' title='bbox 332 806 423 844; x_wconf 79' lang='lat' dir='ltr'>trali</span> <span class='ocrx_word' id='word_1_56' title='bbox 454 806 618 854; x_wconf 79' lang='lat' dir='ltr'>fossilis,</span> <span class='ocrx_word' id='word_1_57' title='bbox 642 806 785 846; x_wconf 80' lang='lat' dir='ltr'>ferens.</span> 
     </span>
    </p>
   </div>
   <div class='ocr_carea' id='block_1_4' title="bbox 334 881 1779 992">
    <p class='ocr_par' dir='ltr' id='par_1_4' title="bbox 334 881 1779 992">
     <span class='ocr_line' id='line_1_9' title="bbox 387 881 1779 938; baseline -0.001 -14"><span class='ocrx_word' id='word_1_58' title='bbox 387 891 585 926; x_wconf 68' lang='lat' dir='ltr'><strong>Ihmmmo.</strong></span> <span class='ocrx_word' id='word_1_59' title='bbox 616 885 663 924; x_wconf 88' lang='lat' dir='ltr'>In</span> <span class='ocrx_word' id='word_1_60' title='bbox 692 885 804 925; x_wconf 85' lang='lat' dir='ltr'>fossis</span> <span class='ocrx_word' id='word_1_61' title='bbox 820 917 828 935; x_wconf 64' lang='lat'><em>7</em></span> <span class='ocrx_word' id='word_1_62' title='bbox 860 885 1029 938; x_wconf 82' lang='lat' dir='ltr'>stagnis,</span> <span class='ocrx_word' id='word_1_63' title='bbox 1058 884 1164 923; x_wconf 77' lang='lat' dir='ltr'>inter</span> <span class='ocrx_word' id='word_1_64' title='bbox 1193 882 1415 922; x_wconf 81' lang='lat' dir='ltr'>Lovanium</span> <span class='ocrx_word' id='word_1_65' title='bbox 1443 888 1483 922; x_wconf 82' lang='lat' dir='ltr'>et</span> <span class='ocrx_word' id='word_1_66' title='bbox 1503 881 1779 933; x_wconf 83' lang='lat' dir='ltr'>Mechliniam,</span> 
     </span>
     <span class='ocr_line' id='line_1_10' title="bbox 334 953 849 992; baseline 0.004 -2"><span class='ocrx_word' id='word_1_67' title='bbox 334 966 413 990; x_wconf 86' lang='lat' dir='ltr'>non</span> <span class='ocrx_word' id='word_1_68' title='bbox 448 958 584 992; x_wconf 82' lang='lat' dir='ltr'>tamen</span> <span class='ocrx_word' id='word_1_69' title='bbox 615 953 849 992; x_wconf 87' lang='lat' dir='ltr'>communis.</span> 
     </span>
    </p>
   </div>
   <div class='ocr_carea' id='block_1_5' title="bbox 332 1066 1779 1324">
    <p class='ocr_par' dir='ltr' id='par_1_5' title="bbox 332 1066 1779 1324">
     <span class='ocr_line' id='line_1_11' title="bbox 389 1066 1777 1123; baseline -0.004 -12"><span class='ocrx_word' id='word_1_70' title='bbox 389 1072 470 1111; x_wconf 81' lang='lat' dir='ltr'>Nec</span> <span class='ocrx_word' id='word_1_71' title='bbox 504 1071 722 1123; x_wconf 78' lang='lat' dir='ltr'>Cycladem</span> <span class='ocrx_word' id='word_1_72' title='bbox 756 1069 993 1108; x_wconf 81' lang='lat' dir='ltr'>fontinalem</span> <span class='ocrx_word' id='word_1_73' title='bbox 1024 1067 1152 1119; x_wconf 80' lang='lat' dir='ltr'><strong><em>Drap.</em></strong></span> <span class='ocrx_word' id='word_1_74' title='bbox 1195 1080 1270 1104; x_wconf 84' lang='lat' dir='ltr'>nec</span> <span class='ocrx_word' id='word_1_75' title='bbox 1301 1066 1522 1119; x_wconf 80' lang='lat' dir='ltr'>Cycladem</span> <span class='ocrx_word' id='word_1_76' title='bbox 1550 1066 1777 1106; x_wconf 82' lang='lat' dir='ltr'>obtusalem</span> 
     </span>
     <span class='ocr_line' id='line_1_12' title="bbox 332 1132 1779 1189; baseline -0.004 -11"><span class='ocrx_word' id='word_1_77' title='bbox 332 1138 447 1178; x_wconf 81' lang='lat' dir='ltr'><em>Lam.</em></span> <span class='ocrx_word' id='word_1_78' title='bbox 472 1138 686 1189; x_wconf 76' lang='lat' dir='ltr'>(Pisidiam</span> <span class='ocrx_word' id='word_1_79' title='bbox 708 1136 889 1176; x_wconf 81' lang='lat' dir='ltr'>obtusale</span> <span class='ocrx_word' id='word_1_80' title='bbox 910 1134 1072 1188; x_wconf 64' lang='lat' dir='ltr'>Psbiff)</span> <span class='ocrx_word' id='word_1_81' title='bbox 1095 1146 1187 1187; x_wconf 85' lang='lat' dir='ltr'>quae</span> <span class='ocrx_word' id='word_1_82' title='bbox 1212 1132 1317 1170; x_wconf 84' lang='lat' dir='ltr'>inter</span> <span class='ocrx_word' id='word_1_83' title='bbox 1341 1145 1382 1170; x_wconf 80' lang='lat' dir='ltr'>se</span> <span class='ocrx_word' id='word_1_84' title='bbox 1404 1146 1485 1171; x_wconf 90' lang='lat' dir='ltr'>non</span> <span class='ocrx_word' id='word_1_85' title='bbox 1505 1133 1581 1171; x_wconf 87' lang='lat' dir='ltr'>nisi</span> <span class='ocrx_word' id='word_1_86' title='bbox 1603 1134 1779 1172; x_wconf 84' lang='lat' dir='ltr'>umbone</span> 
     </span>
     <span class='ocr_line' id='line_1_13' title="bbox 333 1197 1778 1259; baseline -0.003 -16"><span class='ocrx_word' id='word_1_87' title='bbox 333 1205 474 1259; x_wconf 87' lang='lat' dir='ltr'>prioris</span> <span class='ocrx_word' id='word_1_88' title='bbox 508 1204 723 1251; x_wconf 81' lang='lat' dir='ltr'>subacuto,</span> <span class='ocrx_word' id='word_1_89' title='bbox 758 1201 985 1256; x_wconf 78' lang='lat' dir='ltr'>posterioris</span> <span class='ocrx_word' id='word_1_90' title='bbox 1012 1199 1289 1246; x_wconf 84' lang='lat' dir='ltr'>obtusissimo,</span> <span class='ocrx_word' id='word_1_91' title='bbox 1329 1197 1545 1248; x_wconf 81' lang='lat' dir='ltr'>differunt,</span> <span class='ocrx_word' id='word_1_92' title='bbox 1581 1198 1778 1238; x_wconf 83' lang='lat' dir='ltr'>hactenus</span> 
     </span>
     <span class='ocr_line' id='line_1_14' title="bbox 334 1263 1773 1324; baseline -0.004 -13"><span class='ocrx_word' id='word_1_93' title='bbox 334 1272 512 1311; x_wconf 82' lang='lat' dir='ltr'>invenire</span> <span class='ocrx_word' id='word_1_94' title='bbox 536 1271 646 1324; x_wconf 82' lang='lat' dir='ltr'>potui</span> <span class='ocrx_word' id='word_1_95' title='bbox 667 1286 675 1309; x_wconf 68' lang='grc' dir='ltr'><strong><em>τ</em></strong></span> <span class='ocrx_word' id='word_1_96' title='bbox 699 1269 901 1323; x_wconf 77' lang='lat' dir='ltr'>specimen</span> <span class='ocrx_word' id='word_1_97' title='bbox 922 1269 1043 1321; x_wconf 82' lang='lat' dir='ltr'>igitur</span> <span class='ocrx_word' id='word_1_98' title='bbox 1064 1265 1302 1319; x_wconf 78' lang='lat' dir='ltr'>inaugurale</span> <span class='ocrx_word' id='word_1_99' title='bbox 1322 1278 1458 1304; x_wconf 81' lang='lat' dir='ltr'><strong>meum</strong></span> <span class='ocrx_word' id='word_1_100' title='bbox 1477 1263 1542 1304; x_wconf 78' lang='lat' dir='ltr'>hic</span> <span class='ocrx_word' id='word_1_101' title='bbox 1563 1266 1773 1305; x_wconf 84' lang='lat' dir='ltr'>concludo.</span> 
     </span>
    </p>
   </div>
   <div class='ocr_carea' id='block_1_6' title="bbox 746 1821 1380 1854">
    <p class='ocr_par' dir='ltr' id='par_1_6' title="bbox 746 1821 1380 1854">
     <span class='ocr_line' id='line_1_15' title="bbox 746 1821 1380 1854; baseline 0 -5"><span class='ocrx_word' id='word_1_102' title='bbox 746 1840 787 1844; x_wconf 51' lang='lat'>—&lt;</span> <span class='ocrx_word' id='word_1_103' title='bbox 806 1841 812 1843; x_wconf 91' lang='lat'>-</span> <span class='ocrx_word' id='word_1_104' title='bbox 832 1821 1380 1854; x_wconf 33' lang='lat' dir='ltr'>rfflssoffffifflffiffifiQ--m</span> 
     </span>
    </p>
   </div>
  </div>
 </body>
</html>
