2027 2701
857 198 1127 238 Pumomcm.
1660 200 1709 241 17

325 315 534 349 DESCerTIo.
560 307 703 347 Incola
724 308 859 356 dorso,
889 307 1020 361 capite
1045 313 1084 346 et
1112 307 1325 346 tentaculis
1349 308 1507 348 sordide
1532 310 1701 363 griseus,

229 375 234 378 ’
268 374 408 414 subtus
435 382 475 415 et
503 376 722 414 lateraliter
751 374 935 428 pallidior
964 388 972 412 ε
1003 374 1209 413 tentacula
1240 374 1431 414 inferiora
1463 375 1706 417 brevissima.

272 441 392 481 Testa
415 443 440 482 6
461 442 555 481 mill.
576 442 716 494 longa,
736 440 762 478 5
790 441 887 489 alta,
909 440 937 478 2
959 446 1000 492 γ,
1023 455 1175 489 crassa,
1204 443 1468 493 translucida,
1491 459 1599 483 nunc
1625 459 1710 484 cor·

265 523 362 558 nea,
392 509 620 562 ferrugineo
648 508 709 546 vel
741 508 867 557 fulvo,
899 523 1007 547 nunc
1045 509 1180 548 albida
1209 509 1298 548 ruso
1328 511 1539 559 tessulata,
1570 512 1710 552 subtus

266 589 464 622 convexa,
492 575 554 614 vix
586 575 798 614 maculata.
818 574 1034 614 Anfractus
1052 591 1135 623 sex,
1161 577 1264 616 striis
1297 578 1458 618 elevatis
1488 580 1708 619 numerosis

262 641 683 694 circumvoluti.Spira
708 641 970 681 obtusissima.
996 642 1218 683 Umbilious
1239 644 1354 683 valde
1374 645 1611 699 perforatus.
1635 646 1709 687 Pe-

266 708 429 747 ristoma
454 714 606 762 patens.

321 794 546 829 Osssmzvmm.
574 786 731 825 Mortuo
759 787 932 825 animale
956 792 1059 825 testa
1087 787 1216 840 grisea
1233 789 1366 828 evadit
1395 797 1435 828 et
1463 804 1606 843 opaca,
1624 805 1710 831 ma-

266 855 366 893 culis
386 854 626 901 obliteratis,
649 854 756 907 quod
771 859 810 892 et
824 853 1004 907 pluribus
1026 855 1233 908 speciebus
1255 856 1410 895 accidit.
1428 856 1575 896 Carina
1591 860 1710 898 maxi-

265 936 328 960 me
352 922 554 960 interdum
581 921 809 970 manifesta,
841 921 910 960 sed
939 922 1178 975 plerumque
1212 937 1355 976 parum
1389 925 1607 978 conspicua
1641 926 1710 964 de-

264 988 538 1042 prehenditur.
562 988 754 1036 Besfiola,
779 994 824 1026 ut
849 988 1029 1041 apprime
1056 988 1179 1027 refert
1205 989 1371 1039 Muller,
1393 996 1475 1029 tam
1497 1005 1588 1030 raro
1609 992 1709 1031 testa

264 1056 344 1094 exit
360 1062 404 1093 ut
419 1069 510 1093 vere
530 1055 696 1092 taedium
713 1055 960 1093 examinanti
981 1062 1157 1104 crearet,
1175 1057 1284 1109 quod
1304 1057 1387 1110 ipse
1407 1065 1593 1112 expertus
1607 1073 1706 1099 sum.

318 1141 515 1174 Hafflmno.
544 1132 659 1172 Hanc
684 1134 857 1187 speeiem
874 1147 967 1187 quae
987 1148 1009 1173 a
1028 1134 1184 1174 cunctis
1204 1135 1287 1175 fero
1308 1137 1515 1176 autoribus
1537 1138 1578 1176 in
1598 1152 1708 1178 mus-

263 1201 362 1240 cosis
392 1200 566 1240 humidis
590 1207 629 1239 et
662 1201 711 1239 ad
737 1201 847 1254 palos
872 1202 1052 1254 putridos
1078 1208 1310 1254 stagnorum
1346 1204 1565 1253 indicatur,
1599 1219 1710 1244 num-

262 1283 385 1322 quam
413 1269 488 1307 nisi
518 1268 560 1306 in
584 1268 679 1306 locis
704 1268 817 1306 siccis
847 1275 887 1307 ct
914 1269 1077 1322 quidem
1103 1271 1293 1308 montosis
1322 1270 1466 1324 apricis
1496 1271 1586 1325 legi.
1614 1271 1707 1311 Cae-

262 1341 394 1374 terum
414 1349 506 1373 rara
531 1334 609 1373 dici
626 1348 707 1373 non
728 1340 857 1388 potest
878 1349 885 1374 :
909 1335 1106 1375 Bruxellis
1125 1337 1175 1376 ad
1192 1352 1326 1376 muros
1342 1339 1461 1377 castri
1479 1339 1706 1394 Illonlerey,

263 1401 454 1441 Waverae
482 1401 524 1439 in
552 1407 689 1440 monte
719 1400 836 1440 Stadt
861 1407 900 1440 et
923 1402 974 1440 ad
1003 1403 1213 1441 eeclesiam
1240 1403 1363 1451 Biez,
1396 1404 1559 1444 Lovanii
1584 1420 1709 1460 prope

268 1467 307 1507 T
304 1466 476 1517 erbanlz,
497 1467 707 1507 Aerschoti
733 1468 837 1507 inter
857 1468 1003 1507 rudera
1026 1469 1152 1508 turris
1172 1468 1407 1510 Aurelianae
1429 1471 1512 1524 ipse
1532 1473 1703 1526 reperui.

327 1595 386 1635 19.
404 1595 479 1635 H...
503 1595 705 1634 Lfflcmi.
729 1593 821 1633 Lin.
839 1594 936 1633 Icon
956 1593 1088 1632 Faun.
1107 1592 1148 1632 F
1147 1606 1255 1633 rano.
1280 1593 1359 1634 lah.
1381 1593 1445 1634 20.
1464 1597 1531 1648 [ιφ
1559 1594 1619 1634 10.
1641 1594 1702 1634 ll.

320 1681 440 1715 Smow.
474 1673 684 1713 Caraeolla
717 1673 891 1727 lapicida
922 1672 1036 1710 lam.

318 1761 478 1795 Dmmvos.
502 1752 548 1792 H.
572 1759 673 1792 testa
696 1753 886 1805 utrinque
908 1765 1102 1800 convexa,
1133 1751 1454 1804 griseo-cornea,
1479 1754 1702 1803 maculata,

262 1821 441 1860 earinata
456 1852 463 1870 ‚
481 1820 735 1870 umbilioata3
752 1826 942 1874 apertura
958 1826 1200 1868 transversa3
1217 1819 1473 1873 peristomate
1492 1821 1700 1871 continuo,

264 1887 421 1928 reflexo.

321 1976 529 2008 DEscmmo.
548 1966 692 2006 Incola
707 1981 827 2021 supra
843 1966 1234 2020 griseo-nigrescens,
1251 1966 1469 2006 lateraliter
1479 1967 1702 2017 rufescens,

266 2035 390 2074 fascia
405 2035 628 2074 utrinseous
641 2034 847 2074 intensiori
861 2049 884 2074 a
898 2034 983 2074 basi
994 2034 1289 2073 tentaculorum
1307 2033 1504 2089 majorum
1515 2035 1701 2075 abeunte.

265 2101 424 2141 Collum
440 2101 547 2155 rugis
568 2115 764 2155 asperum.
786 2102 1010 2142 Tentacula
1029 2101 1207 2151 cinerea,
1229 2103 1477 2156 punctulata.
1499 2102 1573 2142 Pes
1591 2103 1704 2157 glau-
