2027 2701
272 238 325 279 78
852 237 1131 275 GASTEROPODA

324 354 536 387 DEscmmo.
554 344 698 384 Incola
713 343 936 397 pellucidus
946 373 954 391 ‚
966 343 1213 396 nigrescens,
1230 342 1370 382 subtus
1385 343 1579 384 cinereus.
1596 346 1714 386 Testa

268 413 292 455 7
310 414 406 452 mill.
425 415 565 465 longa,
583 412 608 451 3
632 417 674 462 72
696 410 794 458 alta,
817 409 843 447 4
861 424 1011 461 crassa,
1036 424 1143 464 saepe
1160 410 1339 464 impura,
1363 411 1479 451 valde
1495 411 1711 461 fornicata,

267 483 426 528 striata,
461 481 568 518 intus
591 479 864 518 caeruleseens.

323 569 547 604 OnsssnvAno.
574 557 806 597 Secundum
831 556 890 596 Cl.
913 557 1113 596 Lamarck
1145 557 1195 596 ad
1223 557 1329 597 hanc
1353 559 1527 612 speeiem
1551 573 1712 613 quoque

264 629 483 683 pertineret
523 625 677 665 Patella
705 639 853 663 cornea
882 638 905 662 a
939 623 1113 662 Poiretio
1149 624 1363 678 descripta.

323 717 522 751 Hammo.
543 706 709 746 Lovanii
726 705 767 743 in
784 704 904 759 Dyla,
920 717 1024 758 pone
1040 703 1177 743 villam
1191 701 1415 757 Arenberq,
1431 705 1553 744 semel
1568 708 1708 759 reperi.

322 824 390 865 97.
421 823 497 862 A...
523 821 745 860 LAcnsrms.
772 817 892 858 Mull.
924 816 1021 856 Ieon
1050 815 1179 869 Drap.
1209 814 1287 854 tab.
1319 814 1346 853 2
1366 817 1434 869 fiy.
1466 814 1531 853 25.
1557 814 1622 854 26.
1644 815 1710 856 27.

324 914 445 947 Smom.
475 903 627 942 Patella
666 900 850 939 laeustris
879 897 974 936 Lm.
1005 895 1160 936 Patella
1193 895 1367 948 oblonga
1399 893 1498 934 stlat.
1529 900 1567 933 et
1584 893 1710 948 Rae-q.

322 993 488 1028 Dmmos.
522 983 569 1023 A.
603 988 705 1021 testa
734 978 1062 1026 membranacea,
1085 973 1482 1029 elliptieo-oblonga,
1513 985 1710 1020 convexa:

267 1066 458 1094 mucrone
490 1050 647 1091 verticis
683 1046 940 1087 subcentrali.

321 1142 531 1176 Dascmmo.
554 1128 697 1169 Incola
714 1125 958 1182 pellucidus,
981 1121 1155 1170 albidus,
1180 1133 1301 1173 supra
1322 1119 1524 1172 paulisper
1545 1119 1707 1170 griseus.

271 1201 310 1241 T
309 1206 391 1240 esta
416 1199 440 1240 7
467 1198 563 1236 mill.
600 1197 738 1248 longa,
775 1194 802 1231 2
824 1194 924 1239 alta,
956 1192 983 1230 2
1000 1187 1047 1242 74
1071 1201 1223 1235 crassa,
1256 1184 1424 1234 flavida,
1461 1184 1599 1223 adulta
1629 1184 1712 1238 epi-

268 1266 446 1307 dermide
479 1265 700 1303 virescente
736 1261 916 1307 obtecta,
948 1256 1126 1309 fragilis,
1161 1253 1323 1298 flexilis,
1354 1252 1553 1304 depressa.

321 1355 547 1390 Onsmvnm.
582 1341 678 1381 Iloee
700 1341 851 1395 species
881 1352 962 1377 non
981 1336 1099 1375 modo
1120 1334 1162 1373 in
1180 1332 1295 1386 aquis
1316 1329 1501 1370 dulcibus
1522 1329 1590 1368 sed
1612 1334 1651 1368 et
1671 1329 1713 1367 in

267 1414 432 1455 marinis
452 1411 644 1459 occurrit,
667 1414 840 1448 testante
866 1405 1036 1446 Mullero
1064 1402 1134 1456 qui
1162 1414 1252 1440 eam
1281 1399 1365 1453 ipse
1386 1412 1408 1437 e
1429 1411 1540 1436 mare
1561 1395 1713 1435 Baltieo

268 1482 450 1522 extraxit.

323 1566 521 1603 Ihm-nnio.
538 1558 586 1597 In
602 1555 751 1609 stagnis
766 1585 774 1604 ‚
796 1552 983 1592 foliorum
1001 1548 1228 1603 Nympheae
1246 1554 1286 1585 et
1302 1543 1625 1600 Potamoqetonis
1646 1543 1713 1583 ob·

268 1643 393 1672 versae
424 1627 584 1682 paginae
609 1622 822 1663 adhaerens
852 1619 1085 1672 frequenter
1114 1614 1325 1667 reperitur.

682 1976 1299 2001 &saw—fi
