2027 2701
322 238 371 277 12
885 230 1162 268 Gismnopom

316 341 631 387 conica-teretia,
648 333 915 376 obtusissima.
933 332 1142 372 Orificium
1164 333 1401 387 pulmonare
1422 333 1650 381 minimum,
1672 334 1761 372 dex-

315 418 466 451 trorsus
503 401 861 446 intermittentibus
900 400 1058 440 vicibus
1098 400 1321 455 adapertili.
1360 399 1554 440 Cavitatis
1593 402 1762 440 sexualis

317 475 538 517 communis
574 472 719 510 ostium
761 484 865 523 pone
895 468 1146 508 tentaculum
1181 468 1376 507 dextrum.
1408 466 1482 506 Pes
1517 468 1763 521 marginatus

316 543 498 597 marqioze
528 545 666 578 testam
694 536 911 576 claudente.
936 535 1149 590 Copulatio
1178 542 1319 574 mutua
1341 535 1513 574 duorum
1540 535 1763 575 individuo-

314 624 414 649 rum.
451 608 536 646 Ova
567 611 803 659 aggregata,
836 603 967 642 crusta
1001 603 1186 642 calcare&
1221 609 1292 641 aut
1319 603 1503 642 coriaeea
1533 602 1704 641 obtecta.

368 728 488 766 Testa
516 724 737 780 perforata,
759 724 821 764 vel
838 722 1120 777 imperforata,
1138 720 1405 770 orbicularis,
1428 737 1599 776 superne
1621 723 1761 777 plana,

314 809 508 843 convexa,
539 793 601 833 vel
633 792 848 841 conoidea,
864 791 962 844 plus
992 790 1173 830 minusve
1193 789 1339 837 solida,
1369 789 1482 843 apice
1512 791 1630 844 spirae
1661 805 1765 830 sem-

315 877 386 917 per
406 862 560 901 obtuso.
584 859 786 914 Apertura
803 859 990 912 obliqua,
1012 858 1151 897 lunata
1170 857 1233 896 vel
1260 856 1518 896 subrotmzda.
1542 856 1765 897 Columella

316 931 422 970 levis.
454 929 674 968 Peristonia
700 927 923 981 penultimo
955 926 1141 964 anfractu
1165 925 1428 980 disjunctum,
1453 931 1635 975 acutum,
1661 939 1767 964 mar-

314 998 495 1051 ginatum
511 997 573 1036 vel
590 994 805 1045 reflexum,
823 995 949 1033 latere
964 993 1214 1033 columellari
1230 1009 1337 1033 mmo
1353 999 1458 1033 ‘recto
1472 1007 1579 1032 nunc
1590 998 1762 1033 curvato.

843 1124 856 1136 *
891 1123 1011 1162 Testa
1038 1121 1233 1176 depressa.

374 1242 435 1281 11.
468 1239 529 1279 Π..
568 1237 836 1278 ΟΜΞΤΑΗᾸΝΑ.
869 1233 989 1273 Mun.
1024 1231 1124 1271 leon
1147 1232 1276 1285 Drap.
1309 1232 1388 1272 tal).
1421 1232 1458 1272 8.
1479 1236 1547 1288 fiq.
1574 1232 1636 1273 13.
1663 1234 1726 1273 14.

369 1330 534 1364 Dmawos.
572 1317 620 1357 H.
659 1321 764 1356 testa
802 1314 1002 1361 candida,
1033 1311 1182 1362 nitida,
1215 1311 1420 1366 perforata
1432 1324 1440 1361 3
1477 1319 1669 1366 apertura
1699 1313 1764 1352 lu-

318 1397 440 1439 nata3
471 1387 728 1441 peristomate
760 1382 942 1436 simplici.

373 1481 583 1514 Dssscxupno.
614 1466 759 1506 Incola
801 1465 1086 1512 fusco—luteus,
1121 1463 1262 1501 subtus
1294 1462 1511 1501 albescens.
1545 1462 1768 1504 Tentacula

318 1543 450 1589 fusca,
481 1536 673 1577 inferiora
708 1531 979 1587 superioribus
1004 1545 1148 1585 parum
1180 1531 1377 1570 breviora.
1415 1530 1454 1569 Τ
1452 1536 1534 1569 esta
1562 1530 1587 1570 3
1609 1533 1652 1580 72
1672 1533 1767 1572 mill.

318 1612 450 1662 longa,
466 1605 494 1644 2
503 1607 547 1654 72
557 1604 652 1651 alta,
664 1603 706 1650 Ἄ,
720 1614 868 1647 crassa,
885 1599 1106 1652 diaphana‚
1119 1597 1276 1637 vivente
1288 1597 1457 1635 bestiola
1468 1598 1767 1649 candidissima,

322 1678 479 1717 mortua
508 1687 601 1714 vero
616 1670 834 1711 flavescens
847 1700 855 1717 ,
877 1666 1125 1706 anfractibus
1146 1671 1320 1719 quatuor
1341 1679 1433 1703 eum
1459 1665 1643 1716 dimidio,
1666 1668 1769 1707 striis

323 1747 385 1786 vix
412 1743 528 1783 oculo
561 1746 715 1780 armato
750 1735 982 1776 manifestis.
1020 1734 1224 1787 Apertura
1251 1733 1368 1771 latior
1403 1747 1525 1785 quam
1555 1734 1650 1774 alta.

380 1836 603 1870 Osssssnvmo.
627 1819 968 1875 Draparnaldium
984 1817 1058 1856 sub
1075 1817 1237 1856 nomine
1256 1815 1402 1855 Helicis
1418 1816 1650 1856 cristallinae
1671 1818 1770 1858 duas

326 1898 498 1937 diversas
526 1891 677 1946 species
707 1887 954 1928 confundere
979 1885 1160 1925 existimo
1181 1899 1188 1923 :
1211 1884 1305 1922 hinc
1325 1898 1406 1922 non
1432 1884 1507 1923 nisi
1529 1884 1698 1938 figuram
1722 1886 1771 1926 13

328 1972 367 2004 ct
403 1962 454 2002 14
485 1959 617 2000 citavi.
660 1956 843 1996 Varietas
874 1954 981 1994 enim
1015 1951 1101 2006 ejus
1132 1951 1312 1990 eburnea
1341 1965 1364 1990 a
1393 1957 1490 2005 typo
1519 1952 1664 2006 speciei
1695 1953 1770 1992 dif-

329 2032 405 2070 fert
427 2028 558 2069 incola
585 2025 700 2064 dorso
725 2024 859 2077 nigro,
884 2027 987 2061 testa
1020 2019 1146 2073 magis
1173 2032 1373 2068 convexa,
1403 2026 1592 2073 apertura
1625 2021 1771 2073 margi-

329 2105 444 2144 nata,
474 2102 513 2135 et
555 2092 767 2133 transitum
805 2090 924 2130 efficit
964 2089 1068 2128 inter
1102 2086 1149 2126 Η.
1182 2086 1443 2126 cristallinam
1474 2101 1610 2127 veram
1645 2092 1684 2126 et
1719 2086 1768 2126 H.

331 2164 545 2204 cellariam.
