2027 2701
263 186 316 226 66
835 184 1109 223 GASTERoPonA

262 297 399 336 infima
429 296 650 351 praesertim
686 292 895 347 superficie
925 291 1092 345 fulgens.
1116 289 1332 330 Anfractus
1366 305 1433 330 sex
1464 293 1527 332 vel
1556 299 1707 347 septem

264 365 409 404 sensim
438 369 672 402 crescentes.

320 451 544 485 Osssmxvfflo.
585 440 663 490 Qui
692 439 736 477 fit
766 445 811 477 ut
841 437 961 493 hujus
990 437 1136 492 speciei
1168 437 1339 476 varietas
1366 451 1389 476 a
1419 436 1714 491 Draparnaldio

263 516 483 548 memorata
499 515 539 546 et
555 507 617 559 fig.
640 506 676 545 6.
697 505 732 546 7.
752 520 955 559 expressa,
975 505 1082 558 apud
1103 519 1240 543 omnes
1260 505 1343 543 fere
1362 511 1521 543 autores
1542 519 1613 558 pro
1630 504 1714 543 Pla-

263 577 389 615 norbe
414 574 582 628 spirorbi
615 575 756 626 (quem
790 573 873 626 ipse
904 572 1219 624 Draparnaldius
1248 571 1321 610 sub
1352 571 1532 625 ejusdem
1560 571 1714 610 tabulae

264 643 327 696 fig.
349 642 387 681 8.
407 642 444 680 9.
469 641 519 680 10
532 641 738 696 delineat)
753 640 916 687 citetur,
938 653 981 677 re
1002 652 1096 677 vera
1116 653 1197 676 non
1214 639 1407 691 concipio.
1423 638 1623 677 Caeterum
1641 638 1714 676 sub

264 710 426 749 nomine
437 707 658 748 Planorbis
672 706 869 760 spirorbis
886 712 966 744 tres
983 706 1155 745 diversas
1166 705 1316 758 species
1328 705 1525 757 designari
1539 705 1714 744 arbitror

267 783 308 817 et
326 778 489 830 quidem
509 776 550 814 10
567 775 776 813 Planorbis
790 774 979 828 spirorbis
992 773 1133 811 Slurm
1149 779 1188 811 et
1205 772 1305 826 plur.
1331 778 1435 810 auct.
1456 773 1525 825 qui
1542 786 1622 810 non
1640 772 1715 811 nisi

266 858 377 882 mera
401 842 604 897 planorbis
628 842 786 881 vorticis
815 856 935 894 supra
966 840 1153 893 descripti
1183 840 1354 878 varietas
1382 845 1464 877 est:
1486 839 1533 877 20
1553 838 1718 878 Planor-

266 911 328 950 bis
353 910 541 964 spirorbis
573 909 689 948 Mull.
728 909 796 962 qui
826 908 941 946 Ilelix
971 907 1160 961 spirorbis
1188 905 1283 944 Lm.
1321 912 1361 944 et
1395 905 1474 944 fors
1510 905 1718 944 Planorbis

267 991 413 1031 parvus
430 976 677 1015 aufractibus
694 977 874 1029 quinque
892 975 1086 1013 teretibus
1110 973 1276 1027 Gwffin,
1298 971 1578 1026 magnitudine
1601 973 1719 1011 semi-

267 1044 330 1084 nis
355 1044 512 1091 anethi,
530 1044 694 1081 minime
715 1043 941 1090 oarinatus,
963 1042 1155 1093 utrinque
1174 1054 1394 1088 concavus,
1413 1047 1604 1093 apertura
1624 1040 1719 1079 sub-

269 1112 444 1151 labiata:
464 1110 508 1149 30
524 1110 732 1149 Plauorbis
748 1108 936 1162 spirorbis
951 1107 1079 1160 Drap.
1099 1106 1245 1145 Brard.
1265 1105 1537 1160 lllssjOIBSUpl'ss
1559 1108 1716 1160 planus,

269 1178 409 1217 subtus
427 1192 625 1216 concavus
642 1206 649 1223 ‚
670 1177 809 1215 carina
826 1175 977 1223 media,
999 1173 1185 1212 anfractu
1211 1173 1352 1211 ultimo
1376 1173 1533 1212 caeteris
1553 1172 1716 1227 majore.

324 1264 522 1298 HAnmmo.
546 1256 594 1294 In
616 1256 730 1308 aquis
758 1253 1056 1308 stagnantibus,
1077 1253 1234 1301 rivulis,
1256 1251 1388 1300 fossis,
1421 1252 1586 1305 ubique.

327 1381 391 1420 83.
409 1380 480 1420 Ρ...
500 1379 728 1419 Nummus.
749 1376 789 1416 F
788 1390 841 1416 er.
864 1375 961 1416 leon
981 1374 1132 1414 Slurm.
1155 1374 1191 1414 6.
1211 1372 1303 1427 hest.
1324 1372 1402 1413 tab.
1429 1372 1490 1413 15.

327 1469 448 1502 Smom.
472 1459 515 1498 P.
544 1458 693 1497 nitidus
710 1456 827 1496 Mull.
849 1456 977 1508 Drap.
1001 1454 1117 1493 Helix
1144 1453 1272 1492 nitida
1304 1452 1430 1492 Gmel.

328 1550 452 1583 Dmmv.
476 1539 517 1578 P.
541 1545 643 1577 testa
669 1537 926 1583 flavescente,
958 1535 1108 1583 nitida,
1133 1549 1254 1587 supra
1281 1548 1459 1573 convexa
1487 1539 1627 1572 centro
1655 1533 1724 1572 de-

275 1623 431 1664 presso,
449 1607 589 1646 subtus
610 1606 750 1659 plana,
770 1604 1025 1652 umbilicata3
1047 1602 1187 1640 carina
1204 1601 1332 1639 infera
1341 1613 1349 1648 3
1373 1601 1530 1641 interne
1559 1602 1726 1655 dissepi-

272 1676 417 1716 mentis
447 1672 664 1713 dimidiatis
689 1671 943 1710 transversim
970 1670 1105 1709 divisa.

330 1764 542 1797 Dssscmmo.
568 1751 712 1792 Incola
735 1752 983 1804 nigrescens,
1014 1749 1228 1788 tentaculis
1263 1748 1376 1802 apice
1404 1748 1515 1787 albis.
1556 1747 1676 1786 Testa
1696 1746 1722 1785 5

276 1823 371 1863 mill.
396 1824 537 1875 longa,
554 1821 579 1859 4
598 1826 640 1872 Ἀ
663 1820 763 1867 alta,
784 1819 801 1856 1
826 1820 868 1867 72
888 1832 1040 1863 crassa,
1058 1816 1346 1870 pulcherrima,
1373 1814 1623 1868 politissima,
1641 1814 1725 1852 dia-

276 1891 422 1945 phana.
447 1888 664 1928 Anfractus
685 1894 878 1941 quatuor,
894 1886 1035 1924 ultimo
1064 1897 1149 1937 prce
1167 1883 1324 1921 caeteris
1351 1882 1542 1930 maximo,
1567 1881 1726 1920 interne

276 1958 389 2012 quasi
413 1956 540 1996 tribus
564 1955 854 2009 dissepimentis
879 1953 1112 1993 transversis
1135 1956 1428 1990 connumerato.
1449 1949 1652 2003 Apertura
1668 1963 1728 1988 se-

276 2025 507 2073 milunaris‚
537 2023 714 2062 dilatata.
738 2022 962 2062 Umbilicus
991 2019 1224 2074 profundus.
1258 2017 1481 2056 Peristoma
1507 2017 1686 2071 simplex.

330 2110 560 2145 Osssssnvfmo.
582 2101 680 2141 Icon
709 2100 873 2140 Sturmii
907 2101 1069 2154 optima.
1095 2098 1389 2152 Dissepimenta
1423 2097 1473 2136 de
1502 2096 1649 2150 quibus
1681 2095 1722 2134 in
