2093 2711
328 215 382 255 96
969 213 1126 252 Tnnssss.

326 330 363 369 6.
493 327 700 381 Quidquid
727 326 924 365 haetenus
955 326 1107 365 dictum
1132 325 1273 374 fuerit,
1298 325 1356 365 nil
1376 325 1475 365 certi
1503 324 1698 364 habemus
1718 326 1767 364 de

439 409 515 434 usu
544 394 746 433 halterum
773 392 1017 431 insectorum
1045 393 1304 446 dipterorum.

906 501 945 540 E
969 501 1181 542 Botanica.

329 608 365 648 7.
493 607 572 658 Qui
601 608 690 647 loco
719 607 897 647 methodi
919 609 1113 648 naturalis
1134 609 1351 662 disponunt
1371 611 1529 664 plantas
1549 612 1769 652 secundum

438 675 525 730 ejus
549 676 792 730 fragmenta,
813 683 1089 731 respuuntque
1111 677 1381 726 artificialem,
1403 679 1588 717 videntur
1608 679 1704 718 mihi
1726 680 1772 718 iis

442 743 588 782 similes
617 744 686 797 qui
707 745 959 783 commodam
984 754 1026 784 et
1056 744 1294 783 fornicatam
1319 745 1483 783 domum
1510 752 1693 784 evertunt
1712 746 1774 784 in-

441 825 520 863 que
544 810 629 865 ejus
650 812 785 850 locum
810 812 1059 851 reaedificant
1076 813 1218 860 aliam,
1240 812 1309 852 sed
1327 818 1479 851 tectum
1500 812 1661 851 fornicis
1677 827 1772 852 con-

444 877 563 916 ficere
594 893 675 917 non
703 879 847 919 valent.
880 878 1060 932 (Lirin.)

331 985 366 1025 8.
497 985 733 1026 Dutrocheti
767 988 991 1026 doctrinam
1007 987 1057 1026 de
1077 992 1291 1041 systemate
1310 1000 1476 1028 nervoso
1491 985 1773 1040 vegetabilium

441 1067 523 1091 non
557 1054 849 1093 admittendam
874 1054 1129 1093 arbitramur.

331 1162 368 1202 9.
500 1164 646 1218 Opinio
662 1165 805 1204 Blumii
819 1196 828 1214 ‚
848 1166 916 1219 qui
939 1180 1010 1219 pro
1031 1164 1200 1203 Filieum
1216 1165 1595 1219 polypodiacearum
1619 1166 1777 1219 organis

446 1232 655 1279 masculis,
681 1232 919 1285 corpuscula
947 1232 1123 1280 clavata,
1158 1232 1418 1285 pcdicellata‚
1449 1233 1621 1286 capsulis
1658 1234 1780 1272 inter-

445 1298 584 1347 mixta,
607 1300 797 1352 apertura
819 1299 975 1337 laterali
997 1298 1265 1346 dehiscentia,
1288 1305 1328 1337 et
1355 1299 1566 1338 materiam
1589 1299 1779 1338 viseidam

443 1366 708 1414 continentia,
741 1366 886 1413 habet,
908 1366 1012 1405 inter
1041 1380 1178 1405 omnes
1206 1367 1255 1405 de
1276 1365 1397 1420 hujus
1424 1366 1588 1405 familiae
1621 1366 1776 1419 genita·-

444 1432 548 1471 lihus
576 1434 763 1472 masculis
791 1434 952 1473 emissas
977 1434 1214 1482 sententias,
1236 1433 1521 1474 verisimillima
1540 1439 1610 1472 est.

334 1546 393 1585 10.
500 1547 582 1585 Nec
609 1547 847 1586 assentimur
863 1546 1266 1586 Dawsoni-Tm·ner0
1279 1578 1288 1593 ,
1310 1545 1660 1586 fructificationem
1680 1561 1775 1601 eap-

447 1615 618 1653 sulm-cm
638 1615 650 1665 (
660 1615 861 1653 recentius
887 1615 1209 1668 anthospermica
1238 1614 1410 1666 dictam)
1444 1613 1779 1668 thalassiophyta-

441 1696 530 1720 runi
557 1681 835 1732 ssei-idearum⁷
866 1682 1035 1735 produci
1067 1696 1090 1720 a
1118 1681 1425 1720 fructificatione
1454 1681 1778 1735 conceptaculari

440 1749 519 1788 sive
550 1749 831 1789 tnberculosa:
854 1765 928 1789 nec
953 1749 1270 1797 Lamourouxio,
1292 1748 1412 1788 hasce
1441 1748 1777 1801 thalassiophytas

447 1816 603 1854 duabus
633 1817 1006 1856 fructificationibus
1035 1817 1237 1870 gaudere3
1269 1816 1415 1855 rectius
1440 1821 1574 1854 autem
1604 1813 1780 1854 flIerten-

442 1883 526 1921 sius
551 1883 900 1922 fructificationem
929 1884 1181 1937 capsularem
1211 1897 1291 1922 non
1320 1881 1395 1921 nisi
1429 1882 1590 1920 initium
1621 1895 1705 1920 esse
1742 1886 1781 1920 et

439 1949 712 1989 rudimentum
743 1951 1060 1991 fructificationis
1080 1949 1422 2004 conceptacularis
1446 1947 1614 2003 putavit.

885 2072 925 2111 E
956 2070 1187 2126 Geogynosia.

329 2177 387 2215 ll.
492 2178 694 2217 Formatio
716 2178 877 2231 rupium
898 2177 1115 2217 diversitati
1137 2177 1344 2216 climatum
1371 2190 1451 2216 non
1481 2175 1556 2215 fuit
1575 2172 1767 2227 subjecta.
