2027 2701
218 240 268 280 10
797 235 1073 273 GASTEROPODA

213 348 432 389 Peristoma
462 348 682 403 penultimo
720 345 908 384 anfractu
946 343 1218 398 disjunctum,
1247 342 1440 395 simplex,
1475 341 1654 394 margine

214 417 463 456 columellari
491 414 603 455 valde
632 418 827 453 eoecavato.

270 522 307 562 9.
339 522 415 561 V...
449 522 666 560 ΒΙΑΡΗΑΝΑ.
702 519 777 559 Dr.
807 519 904 559 leon
933 520 1062 575 Drap.
1101 521 1178 561 tab.
1210 521 1247 561 8.
1272 525 1340 577 fif).
1373 521 1437 561 38.
1468 520 1533 560 39.

271 606 392 638 Smom.
424 596 580 634 Vitrina
602 594 804 648 pellucida
832 594 983 635 Sturm.
1012 596 1060 634 ic.
1087 611 1168 635 non
1196 597 1300 637 dese.
1326 597 1589 636 Helicolimax
1609 597 1659 636 vi-

212 671 298 703 trea
329 662 420 701 Fer.
452 661 611 701 Vitrina
639 662 827 715 depressa
855 661 968 716 Jeffr.
988 661 1008 700 ,9

267 747 429 780 ΒιΑαΝοε.
465 738 512 777 V.
549 744 652 777 testa
681 738 968 792 subdepressa,
1001 737 1094 776 albo
1124 737 1298 787 virente,
1333 738 1481 786 nitida3
1509 738 1661 778 anfrac-

214 807 321 846 tibus
351 805 506 845 duobus
523 817 532 853 ;
561 812 754 860 apertura
787 805 972 858 oblonga.

270 890 484 924 DEscmpuo.
513 881 657 920 Inoola
689 882 894 929 cinereus,
921 880 1045 934 pallio
1069 879 1201 928 fusco,
1222 880 1315 918 lobo
1340 880 1504 919 dextero
1527 879 1665 934 (cujus

215 964 290 1003 ope
315 950 463 988 animal
492 955 635 987 testam
665 948 838 987 exterius
866 948 1066 1002 perpolit)
1088 948 1139 987 ad
1159 948 1333 1002 primum
1357 963 1485 1002 usque
1507 948 1664 987 anfrac-

217 1023 303 1055 tum
335 1016 529 1055 extensili.
565 1015 789 1054 Tentaeula
821 1015 1154 1053 alludo-cinerea.
1195 1015 1315 1053 Testa
1345 1014 1369 1056 7
1398 1015 1494 1054 mill.
1527 1015 1666 1068 longa,

216 1083 244 1121 2
277 1091 320 1135 Ἀ,
349 1083 451 1129 alta,
481 1082 507 1119 4
542 1082 637 1120 mill.
668 1096 801 1120 crassa
832 1081 910 1133 (l)⁷
940 1081 1023 1119 fere
1055 1081 1388 1130 membranacea,
1419 1082 1519 1120 adeo
1545 1082 1666 1134 fragi-

218 1152 265 1190 lis
299 1156 343 1188 ut
379 1149 443 1189 vix
475 1149 682 1187 attractari
714 1149 877 1202 impune
911 1154 1060 1201 queat⁷
1092 1147 1362 1186 subtillissime
1392 1148 1551 1197 striata⁷
1582 1148 1668 1202 pal-

219 1218 298 1256 lide
325 1216 549 1264 virescens,
580 1215 838 1254 anfractuum
867 1217 1006 1254 sutura
1034 1215 1250 1253 admodum
1275 1215 1496 1255 manifesta.

275 1300 500 1335 Osssmvmio.
533 1290 630 1329 Icon
660 1290 826 1328 Sturmii
856 1289 908 1328 ad
935 1289 1041 1327 hanc
1072 1290 1268 1343 speciem,
1294 1289 1507 1343 descriptio
1534 1296 1669 1329 autem

223 1360 273 1399 ad
303 1358 585 1413 Draparnaldii
614 1356 813 1395 Vitrinam
841 1356 1083 1410 pellucidam
1113 1355 1300 1410 pertinet.

286 1443 485 1475 HABITATlo.
518 1432 602 1471 Sub
627 1432 729 1470 foliis
750 1432 922 1484 delapsis
942 1432 983 1469 in
1007 1432 1104 1470 locis
1126 1430 1301 1471 humidis
1326 1431 1410 1485 agri
1431 1431 1669 1471 Bruxellen-

224 1504 274 1543 sis
296 1501 463 1556 passim,
481 1514 572 1539 raro
602 1505 738 1538 tamen
757 1528 766 1546 ,
790 1498 975 1537 occurrit.

286 1619 347 1659 10.
383 1619 457 1659 V...
489 1619 724 1658 Batinum.
755 1618 892 1673 Pseiff.
931 1618 1027 1658 Icon
1057 1616 1204 1658 Brard.
1237 1616 1314 1656 tab.
1345 1616 1384 1656 3.
1412 1620 1480 1671 fiq.
1510 1617 1548 1657 5.
1579 1618 1615 1657 6.

269 1742 310 1780 (1)
332 1743 365 1770 Ut
386 1752 530 1771 mensura:
549 1752 622 1780 quas
642 1743 673 1770 in
696 1743 753 1771 hoc
776 1743 918 1781 opusculo
937 1743 991 1771 sub
1009 1743 1143 1781 qualibet
1163 1744 1260 1780 specie
1281 1743 1421 1771 indicabo
1441 1747 1505 1771 tute
1525 1743 1668 1781 applicari

229 1800 357 1831 possent,
377 1796 532 1833 sequentia
552 1795 701 1823 monenda
721 1799 797 1824 sunt.
820 1796 937 1823 Animal
952 1800 1069 1832 testam,
1091 1795 1176 1824 dorso
1191 1805 1310 1834 gerens,
1324 1795 1465 1834 progredi
1483 1805 1561 1833 pono
1579 1807 1585 1824 ε
1600 1801 1671 1824 tunc

232 1847 305 1875 milii
330 1852 371 1875 cst
392 1849 541 1886 lunyiteulo
564 1849 691 1885 spatium
712 1848 958 1886 comprehensum
978 1849 1058 1876 inter
1080 1849 1139 1877 duo
1154 1854 1265 1886 puncta
1283 1859 1409 1887 quorum
1433 1848 1558 1877 alterum
1577 1853 1673 1877 tenta-

234 1900 308 1927 culis
334 1900 459 1927 alterum
485 1900 665 1927 extremitati
690 1901 820 1938 corporis
839 1902 994 1938 posteriori
1020 1902 1202 1939 proximum3
1227 1902 1449 1929 crassitudinem
1471 1910 1544 1929 voco
1566 1901 1676 1929 lincam

232 1952 442 1980 horizontalem
457 1962 524 1990 qum
539 1953 592 1980 sub
612 1953 722 1990 angulo
733 1958 813 1982 recto
827 1954 1048 1992 longitudinem
1062 1954 1105 1982 ibi
1116 1959 1196 1983 secat
1209 1954 1260 1982 ubi
1273 1954 1364 1992 magis
1379 1955 1580 1983 intumescunt
1595 1958 1674 1983 testae

233 2004 397 2040 anfractum
416 2006 540 2033 altihaclo
553 2006 673 2033 tandem
689 2008 810 2035 metitur
828 2007 908 2035 linea
928 2007 1060 2035 verticali
1074 2017 1091 2035 a
1104 2012 1216 2045 puncto
1230 2011 1310 2035 testoe.
1321 2007 1398 2035 dorsi
1412 2008 1548 2036 animalis
1561 2008 1676 2037 incum-

233 2055 320 2082 bento
329 2078 335 2090 ,
348 2056 384 2083 :ul
395 2062 539 2094 punctum
552 2067 667 2095 prorsus
679 2060 842 2096 oppositum
853 2082 860 2096 ,
873 2060 969 2088 dueta.
984 2059 1081 2096 Quod,
1093 2070 1161 2087 cum
1173 2070 1258 2097 <uque
1269 2060 1457 2088 univalvibus
1469 2064 1499 2088 et
1508 2060 1677 2089 bivalvibus

233 2107 374 2143 quadrat,
392 2110 505 2136 canteris
527 2110 718 2139 mensurandi
740 2115 880 2140 testarum
905 2112 1103 2140 dimensiones
1118 2113 1298 2149 rationibus7
1313 2113 1393 2151 apud
1416 2118 1533 2143 autores
1545 2115 1676 2150 usitatis,

237 2158 328 2186 multo
351 2161 533 2189 commodius
553 2161 658 2190 habeo.
