2027 2701
223 202 250 241 (3
811 199 913 237 GAST
919 212 1086 237 EROPoDA

280 310 319 351 5.
337 311 394 350 L..
417 311 674 350 VARIEGATUS.
696 309 824 362 Drap.
851 309 947 348 Icon
975 310 1136 350 Feruss.
1166 310 1245 350 tal).
1268 310 1305 350 5.
1326 314 1394 366 figs.
1425 312 1460 350 1.
1482 313 1520 352 2.
1543 313 1580 353 3.

280 396 402 429 SYNON.
425 385 565 425 Limax
588 384 713 423 flavus
738 383 860 423 Linn.
882 383 1008 423 Gmel.
1032 399 1113 423 non
1130 385 1240 424 Mull.

280 471 404 505 Dmmv.
427 461 470 500 L.
499 466 686 514 apertura
707 458 936 513 subpostica
948 473 956 510 ;
974 460 1089 499 dorso
1109 460 1291 499 carinato
1302 489 1311 509 ,
1329 460 1468 500 carina
1488 460 1669 514 longiori,

223 529 517 585 aliquantulum
545 527 720 565 cristata.

277 614 486 647 Dssscmpno.
520 602 705 650 Animal,
726 601 857 641 Aearo
886 601 1100 641 limacum
1134 603 1277 656 saepius
1302 609 1342 643 et
1362 603 1428 643 hie
1453 604 1642 643 infestum
1662 635 1669 652 ,

222 675 419 712 lutescens
437 702 443 718 ,
463 669 573 708 fusco
601 669 879 717 reticulatum,
908 669 1015 708 linea
1039 669 1164 707 dosali
1191 670 1348 708 sordide
1380 671 1535 721 albida,
1571 673 1671 711 late-

222 739 332 779 ribus
356 736 635 792 pallidioribus
662 737 947 785 immaculatis,
976 738 1014 775 io
1043 736 1204 783 centim.
1237 737 1414 790 longum.
1449 738 1673 779 Tentacula

222 807 406 846 caerulea.
435 804 593 844 Collum
615 805 746 843 tertiae
775 806 875 844 scuti
902 805 1005 859 parti
1027 807 1204 860 aequale,
1227 807 1593 860 griseo-lutescens,
1611 810 1673 847 vel

220 875 479 920 viridescens,
509 873 615 911 linea
642 873 866 912 utrinsecus
895 873 1070 911 caerulea
1101 887 1124 911 a
1150 873 1236 912 basi
1263 874 1562 913 tentaculorum
1583 889 1671 914 ma-

213 942 351 997 jorum
383 941 577 988 abeunte,
600 946 784 978 notatum
803 969 811 986 ,
834 940 944 978 sulco
964 940 1205 979 intermedio
1230 941 1392 995 duplici.
1413 941 1582 980 Scutum
1602 942 1674 982 ob-

222 1023 337 1048 scure
366 1008 593 1055 cinereum,
616 1008 784 1045 maculis
801 1014 840 1046 et
862 1008 1020 1046 tesseris
1036 1006 1346 1048 flavescentibus
1359 1039 1368 1057 ,
1385 1010 1674 1063 inaequalibus,

221 1076 407 1129 striisque
438 1074 646 1113 undulatis
674 1075 956 1127 conspicuum,
995 1080 1140 1132 testam
1170 1075 1409 1128 ellipticam,
1448 1077 1675 1116 convexius-

221 1144 376 1192 culam,
402 1142 623 1180 includens.
649 1141 852 1194 Apertura
872 1141 1076 1195 paulisper
1107 1142 1310 1195 superior,
1346 1157 1512 1196 magna,
1544 1149 1670 1183 ovata.

221 1211 295 1250 Pes
315 1209 551 1258 flavescens,
581 1209 705 1248 limbo
726 1209 837 1248 sulco
858 1209 1009 1262 duplici
1040 1209 1322 1249 canaliculato.
1354 1210 1495 1250 Mucus
1523 1211 1672 1261 luteus,

222 1280 354 1318 minus
387 1292 509 1332 quam
538 1277 580 1315 in
610 1276 862 1330 praecedente
891 1275 1076 1315 viscosus.
1108 1275 1195 1316 Ova
1226 1276 1407 1329 globosa,
1441 1293 1584 1331 parva,
1617 1280 1673 1317 ni-

223 1347 304 1387 tide
328 1347 449 1385 lutea.
469 1344 558 1384 Co'l't
581 1350 750 1397 augusto
779 1349 819 1382 et
845 1342 1075 1396 septembri.

280 1435 507 1470 OsssEnvATm.
525 1427 647 1465 Testa
667 1426 827 1465 interna
847 1441 969 1479 quam
990 1427 1064 1465 sub
1091 1433 1204 1467 scuto
1232 1429 1425 1469 latentem
1449 1430 1491 1469 in
1509 1430 1619 1471 hisee
1635 1438 1675 1471 et

225 1495 485 1551 sequentibus
515 1494 723 1548 speciebus
754 1493 1054 1547 descripsimUS,
1077 1495 1182 1547 apud
1209 1494 1422 1536 Brardium
1448 1512 1574 1552 genus
1598 1513 1673 1538 no—

225 1579 336 1612 vum,
358 1561 609 1600 Limaeinam
640 1575 806 1615 nempe,
837 1560 1038 1599 immerito
1071 1562 1298 1608 constituit,
1330 1566 1438 1617 quod
1470 1581 1546 1605 nee
1581 1582 1674 1606 cum

226 1630 436 1671 Limaeina
458 1628 574 1678 Cuv„
608 1629 659 1667 ad
694 1628 920 1682 Pteropoda
948 1628 1195 1682 pertinente,
1223 1644 1298 1668 nec
1332 1645 1424 1669 eum
1455 1631 1675 1673 Limacella

226 1699 377 1738 Blainv.
402 1710 548 1751 genere
570 1696 815 1736 Onchidium
844 1696 948 1735 inter
974 1702 1014 1735 et
1039 1695 1231 1737 Arionem
1252 1698 1406 1747 medio,
1428 1699 1480 1738 ob
1501 1701 1672 1740 nominis

229 1765 531 1806 consonantiam
556 1764 749 1803 confundi
780 1763 912 1803 debet.

286 1856 484 1889 Hinmmo.
515 1846 563 1885 In
599 1846 730 1894 cellis,
764 1846 946 1886 cisternis
977 1847 1270 1902 undequaque,
1303 1848 1412 1902 ligna
1440 1850 1671 1900 corrodens,

231 1916 463 1956 eommunis.

289 2031 326 2071 6.
358 2031 428 2070 L...
456 2030 648 2070 Cmunnus
675 2028 792 2068 Mull.
818 2028 914 2068 Icon
926 2028 1087 2069 Feruss.
1112 2028 1190 2068 tal).
1212 2020 1249 2070 4ss
1267 2031 1335 2084 fiq.
1354 2029 1391 2068 8.

289 2114 408 2147 Smorz.
443 2106 582 2146 Limax
613 2105 871 2158 antiquorum
895 2103 986 2144 Fer.
1021 2104 1178 2158 partim.
1208 2103 1251 2144 L.
1277 2105 1483 2145 maximus.
1500 2105 1592 2145 Lm.
