2027 2701
817 218 1088 258 Pumomcffl.
1616 222 1665 263 51

284 341 506 376 OsssnRvAno.
535 329 649 370 Hanc
679 331 851 385 speciem
877 347 1086 386 nunquam
1114 332 1190 371 nisi
1220 333 1383 373 omnino
1411 335 1545 375 albam
1575 339 1667 378 vidi,

227 401 458 441 Secundum
489 406 647 438 autores
678 399 760 436 fere
789 412 950 447 omneS‚
984 400 1139 437 variant
1159 405 1260 438 testa
1281 406 1320 439 et
1341 402 1511 453 animal,
1537 405 1669 444 colore

225 471 467 516 latescente,
499 472 676 505 saturate
710 465 833 504 rubro
865 466 943 504 sive
976 466 1101 515 fusco,
1140 467 1270 506 fasciis
1299 471 1546 525 maculisque
1576 488 1671 527 pur..

228 537 362 591 pureis
384 535 445 575 vel
469 531 786 586 nigrescentibus
808 532 1020 585 variegato.
1054 533 1249 574 Intestina
1272 536 1313 574 in
1342 544 1476 577 nostro
1506 541 1587 589 (uti
1617 542 1672 581 ait

230 600 536 657 Draparnauld)
559 599 642 637 fere
671 598 872 648 sulfurea⁷
902 606 1012 639 trans
1045 616 1188 655 corpus
1218 603 1402 643 animalis
1427 606 1672 659 pellucidum

225 669 428 710 observari
459 672 625 721 queunt.

279 757 478 790 HAmme.
502 745 640 784 Inveni
671 759 794 799 prope
818 745 980 784 Bzceken
1006 747 1094 784 loco
1115 748 1221 786 dicto
1241 748 1288 786 de
1306 749 1427 790 Lelie.
1452 752 1670 805 Speoimen

228 817 365 870 accepi
401 815 451 854 ad
481 813 703 866 marginem
731 813 840 851 lacus
871 811 1142 851 Zona-Lemno
1174 813 1334 854 lectum.

286 931 350 971 35.
375 929 449 969 II...
481 928 702 969 RUPESTms.
725 928 855 981 Drap.
882 927 978 967 Icon
1010 928 1136 982 Drap.
1163 929 1240 968 tab.
1264 929 1299 971 7.
1318 934 1386 985 fiq.
1413 932 1449 973 7.

283 1018 448 1052 Dmmos.
473 1008 518 1047 H.
549 1015 649 1047 testa
679 1008 929 1057 umbilicata,
948 1008 1242 1059 fulvo-cornea;
1266 1017 1455 1064 apertura
1480 1015 1673 1065 rotunda3

230 1077 485 1133 peristomate
517 1075 698 1128 simplici.

283 1163 494 1198 DEscnumo.
513 1153 658 1192 Incola
674 1153 936 1207 griseo-niger
947 1184 955 1201 ,
973 1156 1186 1195 tentaculis
1204 1157 1318 1207 atris,
1334 1158 1532 1200 brevibus.
1557 1160 1678 1201 Testa

230 1225 257 1264 2
279 1224 376 1263 mill.
404 1223 543 1275 longa,
574 1221 602 1258 2
624 1221 724 1269 alta,
755 1220 774 1258 1
810 1223 851 1269 'A
886 1236 1038 1271 crassa,
1075 1223 1286 1276 pellucida.
1327 1224 1544 1266 Anfractus
1575 1243 1676 1282 qua-

232 1298 344 1338 tuor,
373 1289 489 1329 valde
514 1287 693 1327 convexi.
727 1287 843 1341 Spira
874 1288 987 1342 apice
1008 1289 1161 1329 obtusa.
1197 1291 1418 1333 Umbilicus
1438 1302 1590 1348 patens.

287 1377 511 1411 OBSERVATIO.
534 1366 675 1405 leones
702 1367 983 1421 Draparnaldii
1016 1376 1055 1407 et
1084 1369 1259 1410 Pfeifferi
1292 1373 1447 1426 apicem
1474 1375 1593 1428 spirae
1615 1376 1677 1415 ni-

231 1437 305 1477 mis
325 1442 489 1475 acutum
515 1441 554 1473 et
576 1434 670 1472 hinc
695 1441 838 1474 testam
859 1435 972 1489 justo
1000 1437 1125 1487 magis
1153 1439 1336 1477 conicam
1369 1448 1674 1493 repraesentant,

231 1504 544 1544 Haesitabundus
574 1503 695 1556 igitur
716 1503 764 1541 de
787 1508 901 1540 testae
929 1502 1116 1541 nostratis
1138 1504 1472 1547 determinatione
1496 1509 1554 1547 fui
1578 1524 1586 1548 :
1611 1511 1680 1550 sed

232 1586 323 1611 mox
358 1570 525 1610 dubium
563 1569 814 1607 abstulerunt
850 1583 986 1616 omne⁷
1019 1571 1238 1623 specimina
1273 1587 1321 1612 ex
1356 1589 1451 1627 agro
1491 1576 1678 1631 Monspe-

232 1639 346 1678 liensi
375 1643 579 1690 coempta7
609 1636 758 1690 quippe
790 1649 883 1691 quae
905 1651 980 1676 nec
1007 1639 1142 1677 omnia
1170 1639 1275 1678 inter
1300 1655 1340 1679 se
1371 1655 1488 1695 aeque
1514 1644 1676 1694 conica,

234 1720 308 1745 nec
332 1705 414 1743 ullo
443 1704 561 1743 modo
587 1709 707 1741 acuta
736 1709 840 1742 sunt.

288 1792 486 1825 Hammo.
509 1782 719 1822 Aerschoti
741 1782 846 1820 inter
866 1783 1013 1822 rudera
1032 1784 1158 1824 turris
1171 1784 1407 1827 Aurelianae
1427 1789 1491 1828 die
1516 1789 1566 1830 16
1580 1790 1678 1831 Julii

239 1850 343 1891 1829
357 1851 446 1904 legi.
470 1849 517 1889 In
534 1864 630 1904 agro
649 1849 896 1889 Bruxellensi
920 1865 1043 1905 prope
1070 1851 1185 1891 Vorst
1203 1854 1381 1909 reperuit
1402 1856 1542 1897 eodem
1562 1859 1679 1898 circi-

237 1925 297 1958 ter
324 1923 502 1972 tempore
531 1916 628 1956 Orn.
665 1916 774 1970 Nyst.

716 2026 729 2038 ⁴
751 2026 765 2040 *
785 2025 799 2039 *
820 2026 834 2040 *
862 2026 981 2066 Testa
1015 2027 1211 2068 conoidea.

289 2137 355 2178 36.
386 2137 461 2178 H...
495 2137 627 2178 Favi
654 2138 784 2193 Drap.
815 2138 912 2179 leon
940 2139 1078 2195 Pseiff.
1111 2139 1130 2180 I
1164 2140 1242 2181 tal).
1281 2142 1308 2181 2
1335 2145 1404 2198 fiq.
1434 2142 1472 2183 2.
