2027 2701
1743 259 1783 313 iij

342 384 561 439 phtanstae,
600 383 864 436 praeclominat
894 396 901 421 :
939 396 1062 436 prope
1096 382 1284 431 Hallam,
1313 382 1511 439 Anqiam,
1551 385 1783 441 Rehecque,

341 451 722 498 Braine-le-comte,
748 448 1019 504 Nivigsellam,
1049 449 1322 490 thonsohiefer
1349 451 1425 491 iste
1444 452 1629 493 innititur
1652 454 1786 509 dejec-

340 520 399 559 tui
435 518 599 559 australi
621 518 794 556 calcarei
815 518 1011 557 transitivi
1040 517 1355 569 IIannoniensis‚
1373 526 1413 560 et
1436 535 1560 575 prope
1584 521 1780 563 Moab-St.

345 585 539 633 Guibert,
568 584 814 639 opprobriis,
836 575 1049 641 Jodbiqne,
1073 585 1264 636 Perwez,
1282 587 1456 628 acclinat
1479 589 1671 630 lateribus
1695 592 1782 631 cal-

339 654 447 693 carei
479 654 682 707 granulosi
715 653 996 692 Namurcensis
1033 652 1345 707 Leodiensisque
1384 656 1451 709 qui
1490 657 1533 695 in
1572 658 1657 711 ipsa
1685 658 1783 699 Bra·

337 721 478 760 bantia
499 722 648 760 eminet
663 720 783 775 juxta
803 720 1266 773 stIarbais;'porp11y1·ius
1285 721 1469 761 cristallis
1484 725 1640 776 quartzi
1652 756 1660 774 ‚
1683 726 1781 766 feld-

338 789 469 843 spathi
491 795 531 827 et
552 789 701 842 cpidoti
718 788 833 835 setus,
851 787 960 826 haud
976 786 1116 840 procul
1132 800 1155 825 a
1173 801 1276 840 pago
1295 787 1493 840 Quenast,
1502 788 1630 843 jaspis
1647 799 1782 833 autem

335 870 460 909 prope
485 854 683 895 Clabbeek
698 869 782 894 sese
799 854 990 903 ostendit;
1016 859 1210 908 neopetra
1230 854 1293 893 vel
1311 856 1527 908 quartzites
1547 863 1671 897 strata
1692 861 1781 913 plus

334 922 515 962 minusve
556 923 708 967 valida,
745 936 974 975 massasque
1012 921 1054 960 in
1088 921 1219 974 ipsum
1253 927 1460 961 terrenum
1496 925 1781 966 secundarium

334 990 593 1044 promontorii
622 990 747 1028 instar
774 995 1055 1042 procurrentes
1084 988 1228 1027 format
1251 987 1372 1042 juxta
1399 988 1654 1041 Pietrebais,
1683 993 1780 1034 Usa-

329 1070 419 1103 vre,
437 1056 718 1109 Hnyssinyen,
736 1055 965 1108 Alsfflzbery.
987 1055 1166 1093 Terrena
1187 1061 1324 1094 autem
1344 1057 1621 1108 stratiformia,
1640 1075 1779 1100 secun-

333 1122 445 1161 daria
462 1128 531 1160 aut
550 1121 750 1167 tertiaria,
772 1127 927 1174 partem
951 1128 1077 1160 totam
1102 1129 1303 1176 occupant
1326 1124 1441 1163 sitam
1465 1125 1516 1164 ad
1534 1129 1777 1181 septentrio-

332 1203 425 1229 nem
446 1189 562 1228 lineae
585 1202 666 1241 qua
687 1188 935 1242 provinciam
963 1189 1004 1227 in
1026 1188 1245 1228 directione
1273 1190 1324 1228 ab
1344 1192 1552 1232 occidente
1571 1194 1622 1232 ad
1646 1195 1778 1235 orien-

330 1262 412 1297 tem
428 1255 518 1310 jam
541 1255 668 1294 secari
689 1254 875 1294 bifariam
900 1255 1179 1309 supposuimus
1198 1270 1206 1305 ;
1236 1257 1342 1296 inter
1361 1258 1515 1311 priora,
1538 1262 1777 1302 secundaria

330 1323 539 1368 nimirum,
561 1335 628 1361 cos
649 1321 898 1374 ferrugineus
924 1328 1049 1362 strata
1069 1323 1184 1362 valde
1214 1324 1345 1363 valida
1370 1326 1459 1379 plus
1480 1328 1659 1368 minusve
1690 1329 1775 1369 for-

329 1390 423 1430 titer
438 1389 633 1428 inclinata
649 1389 914 1437 constituens,
937 1389 1017 1428 late
1037 1391 1284 1440 extenditur,
1307 1392 1489 1432 obtectus
1504 1408 1611 1448 saepe
1628 1410 1700 1450 pro
1718 1397 1776 1436 lo—

329 1457 385 1498 cis
401 1457 462 1497 vel
478 1457 589 1496 calce
611 1456 831 1496 carbonata
847 1456 1110 1509 quartzifera,
1132 1459 1191 1497 uti
1213 1459 1264 1498 ad
1285 1460 1535 1500 occidentem
1558 1469 1598 1501 et
1622 1470 1775 1517 septen-

328 1525 501 1564 trionem
536 1524 646 1563 urbis
688 1523 968 1562 Bruxellarum
983 1553 992 1571 ,
1026 1525 1087 1563 vel
1122 1539 1247 1565 arena
1280 1527 1449 1582 aliisque
1477 1529 1770 1571 alluvionibus:

328 1592 493 1633 etesiam
510 1604 664 1637 versus7
678 1589 799 1644 juxta
820 1589 1067 1639 flIelshroek,
1090 1591 1330 1633 Saventlzem
1359 1601 1432 1634 ete.
1446 1627 1455 1645 ‚
1478 1604 1646 1650 apparet
1662 1605 1774 1638 creta

325 1659 592 1705 chloritacea,
626 1656 742 1711 cujus
765 1664 890 1697 strata
922 1660 1147 1712 superiora,
1179 1663 1396 1714 genuinam
1425 1670 1577 1703 cretam
1610 1666 1770 1721 scripto-

322 1726 424 1765 riam
441 1725 748 1773 constituentia,
767 1726 819 1764 ad
836 1732 1016 1764 austrum
1041 1726 1206 1767 Lovanii
1224 1728 1345 1783 juxta
1364 1729 1549 1770 Blanden
1573 1739 1612 1771 et
1638 1733 1768 1783 Grex,

324 1793 511 1847 produnt,
529 1806 694 1845 seseque
711 1793 906 1831 orientem
916 1808 1050 1832 versus
1068 1789 1256 1849 dirigunt,
1274 1796 1344 1835 ubi
1361 1797 1411 1836 ad
1428 1798 1498 1837 soli
1516 1800 1768 1854 superficiem

324 1875 436 1900 secus
463 1860 600 1899 littora
628 1859 766 1900 Geetae
791 1874 915 1914 prope
946 1860 1152 1902 Pellaines
1173 1878 1311 1903 rursus
1339 1873 1546 1919 apparent.
1570 1867 1768 1909 Tertiaria

324 1928 497 1982 denique
522 1934 682 1967 terrena
707 1928 844 1982 qualia
864 1935 956 1968 sunt
981 1930 1106 1983 argila
1135 1932 1303 1986 plastica
1318 1963 1326 1979 ‚
1357 1948 1508 1988 margae
1532 1934 1764 1986 fluviatiles,

321 1994 472 2048 ubique
501 1995 585 2034 fere
612 1995 928 2050 conspiciuntur.

377 2107 645 2162 Atmosphera
663 2115 747 2149 tam
769 2124 841 2165 pro
863 2111 1059 2151 densitate
1071 2143 1079 2161 ,
1102 2118 1142 2152 et
1162 2111 1423 2164 humiditate,
1448 2131 1570 2171 quam
1586 2134 1659 2173 pro
1678 2121 1763 2175 ipsa

320 2182 593 2231 temperatura
615 2177 856 2217 mutationes
883 2179 990 2218 subit
1014 2181 1245 2234 repentinas
1270 2189 1309 2222 et
1337 2198 1513 2238 magnas.
1544 2186 1761 2229 Maximum
