2027 2701
790 220 1220 261 LAMELLIBRANCHIATA.
1661 223 1710 262 81

270 331 456 380 tundata,
479 331 679 385 posterius
710 331 926 384 producta;
956 331 1136 385 margine
1157 337 1356 384 aperturae
1386 345 1636 387 compresso,
1658 334 1712 372 si-

273 405 415 448 nuato3
443 398 604 438 natibus
628 398 783 437 retusis.

324 486 346 526 β
362 476 523 531 junior,
545 477 865 524 subventricosa,
899 475 1080 529 superius
1097 476 1245 529 postice
1270 477 1412 517 aurita.
1430 477 1593 532 Mytilus
1616 492 1716 518 ana-

271 544 388 582 tinus.
422 543 544 582 Lmn.
577 542 791 581 Anodonta
823 543 997 582 anatina.
1043 543 1168 595 Drap.

326 618 535 651 DESCRrPTIO.
568 608 713 648 Incola
741 610 1019 657 cinerascens,
1050 610 1340 663 appendicibus
1374 610 1588 651 labialibus
1620 612 1716 652 bre-

271 676 414 724 vibus,
443 676 546 730 pede
576 677 682 724 lato7
714 676 973 715 subi-otundo.
1016 676 1054 714 T
1052 683 1134 715 esta
1169 677 1308 716 adulta
1340 676 1418 717 160
1444 678 1540 717 mill.
1577 679 1716 733 longa,

270 742 324 782 82
344 744 439 782 mill.
463 744 567 791 alta,
599 742 653 780 48
677 757 830 790 crassa⁷
857 742 1009 791 tenuis,
1035 757 1197 795 rugosa,
1222 743 1468 797 epidermide
1498 746 1718 786 virescente

271 810 459 859 obtecta,
493 810 601 848 intus
632 809 780 858 nitida,
807 809 919 857 alba,
951 809 1127 847 caerulea
1163 810 1224 848 vel
1262 811 1554 864 margaritacea
1574 827 1582 851 ε
1606 820 1718 853 nates

271 878 313 917 in
333 877 488 932 juniori
519 877 718 925 corticati,
755 877 796 914 in
830 877 967 915 adulto
1003 876 1247 915 decorticati.

327 964 549 999 Onsmvfflo.
579 957 700 1005 Cam,
722 957 829 995 omni
847 956 1029 995 adhibita
1045 971 1186 1010 opera,
1212 971 1259 995 eo
1280 971 1489 1010 nunquam
1510 959 1718 1011 pervenire

270 1026 470 1078 potuerim
496 1032 541 1064 ut
566 1025 613 1064 A.
647 1024 853 1063 anatinam
881 1024 932 1062 ab
958 1023 1004 1062 A.
1034 1038 1188 1077 cygneo
1209 1023 1374 1077 juniore
1408 1024 1716 1079 distinguerem,

268 1093 443 1144 cumque
472 1092 601 1130 altera
633 1105 682 1129 ex
706 1096 820 1143 parte
851 1089 1070 1137 munaum,
1104 1091 1343 1140 Mullerum,
1378 1091 1717 1146 Draparnaldium

266 1157 446 1211 aliosque
482 1163 641 1196 autores
671 1170 788 1209 aeque
823 1156 996 1195 incertos
1035 1156 1083 1195 de
1116 1156 1224 1196 hisce
1255 1158 1574 1198 discriminandis
1607 1159 1718 1199 inve-

269 1213 399 1272 niamss
431 1225 524 1262 nolo
559 1224 645 1262 aliis
673 1237 811 1260 creare
848 1223 956 1275 quod
984 1223 1067 1275 ipse
1096 1224 1137 1261 in
1160 1225 1309 1263 centies
1338 1225 1508 1278 repetito
1535 1226 1719 1265 examine

271 1296 458 1344 expertus
497 1303 585 1328 sum
613 1289 803 1335 taedium,
828 1295 868 1327 et
901 1289 1016 1328 binas
1054 1288 1283 1329 Linneanas
1313 1292 1465 1345 species
1503 1292 1716 1347 conjungo.

269 1358 437 1397 Notetur
455 1356 513 1396 Cl.
537 1356 738 1395 Lamarck
753 1387 763 1406 7
782 1356 851 1410 qui
873 1356 946 1395 sub
968 1356 1182 1398 Anodonte
1200 1374 1271 1398 sua
1294 1360 1458 1398 anatina
1478 1359 1613 1399 Gualt.
1635 1360 1715 1399 tab.

272 1424 296 1466 7
318 1425 382 1478 fig.
409 1424 441 1463 E
470 1424 654 1472 adducit,
678 1438 814 1462 rursus
844 1424 949 1462 idem
971 1424 1153 1463 Gualteri
1173 1426 1427 1478 synonimum
1451 1426 1526 1464 sub
1560 1425 1718 1466 Unione

270 1491 469 1545 pictorum
490 1491 676 1541 laudare⁷
701 1491 809 1544 quod
844 1490 958 1528 nobis
993 1490 1209 1544 utrobique
1249 1506 1462 1531 erroneum
1493 1498 1563 1532 est.

326 1582 519 1613 Hammo.
558 1570 607 1609 In
636 1570 786 1622 stagnis
818 1583 889 1623 per
917 1575 1042 1608 totam
1074 1570 1157 1609 fere
1191 1570 1451 1610 Brabantiam
1481 1573 1713 1611 communis.

329 1676 417 1717 100.
445 1677 519 1716 A...
556 1675 793 1715 Pomnmzosi.
821 1674 959 1730 Pseiff.
990 1675 1087 1715 Icon
1110 1675 1247 1730 Pseiff.
1273 1675 1313 1714 II
1349 1675 1425 1715 tab.
1448 1675 1486 1714 4.
1505 1677 1575 1730 fiq.
1601 1674 1713 1715 1-6.

325 1764 448 1798 Smon.
478 1755 641 1810 Mytilus
675 1769 851 1808 cygneus
875 1766 898 1806 β
928 1753 1025 1794 Mat.
1061 1760 1099 1793 et
1123 1754 1248 1809 Racq.

326 1843 491 1877 Dmcivos.
510 1834 557 1874 A.
574 1841 678 1873 testa
694 1834 917 1887 nigricante
939 1833 1271 1888 elliptico-ovata,
1292 1846 1445 1880 crassa,
1466 1831 1690 1871 ventricosa
1702 1861 1710 1879 ,

272 1903 463 1958 utrinque
497 1903 734 1952 rotundata3
764 1902 925 1941 natibus
960 1901 1114 1940 retusis.

324 1990 532 2025 Dssscmmo.
554 1982 698 2022 Incola
715 1982 887 2031 albidus,
906 1980 1193 2035 appendicibus
1209 1978 1423 2019 labialibus
1436 1978 1711 2028 subbrevibus,

268 2102 359 2130 nistra
381 2104 496 2142 agitur,
518 2109 591 2133 tunc
612 2115 726 2143 semper
750 2108 874 2144 supponi
897 2107 986 2136 debet
1007 2107 1119 2135 animal
1139 2106 1330 2145 progrediens
1352 2111 1381 2135 et
1404 2106 1441 2135 ab
1461 2106 1646 2135 observatore
1668 2114 1714 2134 re-

270 2154 386 2185 cedens.
