2093 2711
679 573 747 612 Eoe
780 572 963 612 Historia
991 574 1174 613 naturali
1194 575 1383 629 yenerali.

483 690 567 731 Mos
595 693 680 741 ille,
706 693 919 745 generibus
942 693 993 732 ad
1019 694 1172 733 diversa
1201 701 1359 733 naturae
1390 709 1514 749 regna
1538 698 1744 750 pertinen-

424 758 531 797 tibus
589 759 747 797 casdem
796 759 998 798 tribuendi
1040 760 1406 810 denominationes,
1446 762 1514 814 qui
1555 762 1748 803 hodierno

424 825 643 879 praesertim
666 832 844 879 tempore
871 826 995 879 magis
1022 827 1227 880 magisque
1257 827 1444 876 invaluit,
1463 829 1634 868 maxime
1654 844 1746 883 per-

423 892 597 931 niciosus
627 898 697 931 est.

478 1014 557 1066 Qui
571 1016 778 1055 scientiam
795 1016 1008 1056 amabilem
1029 1031 1164 1056 amore
1181 1023 1222 1056 et
1241 1018 1415 1057 candore
1432 1019 1744 1072 amplectuntur,

426 1082 654 1135 diagnoses,
686 1089 730 1120 ut
752 1098 859 1121 nunc
893 1084 934 1121 in
967 1084 1077 1121 libris
1102 1084 1281 1136 plurimis
1307 1092 1484 1135 exstant,
1512 1086 1748 1140 plerumque

420 1148 610 1201 pessimas
644 1162 727 1186 esse
755 1162 829 1187 neo
859 1149 965 1188 ultra
992 1149 1196 1197 ferendas,
1220 1150 1328 1189 haud
1346 1151 1603 1205 denegabunt
1624 1151 1743 1204 (Alb.

420 1213 467 1254 de
491 1213 689 1254 Clzamiss.
719 1222 757 1254 et
775 1214 1051 1255 Sclzlechteml.
1062 1247 1075 1265 ,
1097 1217 1137 1255 in
1157 1216 1314 1257 Lz'mzed
1338 1217 1484 1271 1828.)

869 1351 909 1390 Ε
935 1351 1081 1406 Zooloq
1087 1352 1136 1392 ἰα.

475 1471 727 1512 Praelucente
743 1473 931 1526 Geoffi’oy
946 1473 984 1512 S.
1003 1472 1154 1511 Hilaire
1172 1487 1194 1511 e
1210 1471 1566 1510 monotrematibus
1580 1471 1746 1510 classem

417 1539 661 1592 peculiarem
686 1540 937 1578 formandam
963 1554 1046 1579 esse
1068 1540 1173 1578 inter
1197 1538 1427 1578 mammalia
1448 1545 1488 1577 et
1503 1552 1593 1578 aves
1609 1538 1744 1577 locan-

419 1606 529 1654 dam,
563 1606 853 1646 contendimus.

472 1735 665 1776 Mollusca
691 1737 864 1777 bivalvia
895 1736 1061 1775 minima
1098 1747 1190 1787 quae
1220 1733 1338 1771 certis
1367 1731 1461 1770 anni
1493 1729 1740 1784 temporibus

413 1801 719 1842 Anodontarum
736 1810 775 1842 et
792 1803 996 1843 Unionum
1016 1801 1230 1840 branchias
1251 1806 1433 1838 externas
1449 1799 1624 1851 replent,
1641 1810 1741 1836 neo-

413 1874 511 1908 nata
540 1884 614 1909 nec
639 1871 811 1924 speciem
834 1870 1002 1909 alteram
1022 1868 1277 1922 parasiticam
1296 1880 1399 1915 esse,
1425 1871 1623 1918 putamus.

471 1992 703 2046 Optandum
724 1994 825 2032 foret
848 1999 893 2032 ut
910 1993 999 2046 quis
1019 1993 1161 2031 seriem
1179 1990 1396 2043 susciperet
1415 1987 1736 2027 observationum

412 2058 558 2112 quibus
591 2067 745 2099 constet
767 2066 965 2114 quatenus
992 2066 1185 2099 testarum
1206 2057 1498 2095 incrementum
1528 2054 1569 2092 in
1595 2066 1733 2092 earum

413 2125 583 2166 formam
611 2125 764 2166 influat.

1576 2186 1627 2225 14
