2027 2701
273 188 326 229 68
843 183 1119 222 Girsu-:norom

327 306 552 341 Osssssnvfflo.
584 297 713 336 Costae
743 294 930 347 [caducae.
975 292 1236 331 Peristomate
1271 291 1539 332 subcontinuo
1557 322 1567 341 >
1596 294 1710 348 quasi

272 367 484 405 transitum
515 365 604 402 haec
634 369 673 401 et
703 375 874 414 sequens
907 359 1059 414 species
1090 373 1114 398 a
1142 373 1289 413 genere
1324 359 1525 400 Planorbe
1551 360 1603 400 ad
1634 361 1714 416 Gy-

272 434 465 472 clostoma
493 428 685 469 efficiunt.

326 508 523 540 Ihmmno.
552 495 600 534 In
629 495 779 548 stagnis
802 495 911 534 circa
931 493 1138 533 Bruxellas
1150 525 1159 544 ,
1175 493 1245 534 ubi
1266 495 1413 550 plantis
1434 495 1632 550 aquaticis
1653 496 1716 536 ad-

271 567 415 615 haeret,
450 579 563 604 rarus
598 563 784 603 occurrit.

325 674 390 714 86.
420 673 489 713 Ρ...
514 672 733 713 Cmsmws.
764 671 895 724 Drap.
925 669 1022 709 Icon
1056 668 1209 709 Sturm.
1242 671 1268 710 6
1300 669 1393 724 hest.
1420 674 1488 726 fiq.
1527 671 1592 713 13.

327 763 449 795 Simos.
482 752 689 792 Planorbis
720 750 956 789 imbricatus
980 748 1098 789 Mull.
1130 764 1212 788 non
1246 749 1367 804 Drap.
1398 764 1473 790 nec
1503 751 1650 791 Sturm.

326 843 488 876 Dmamos.
506 832 548 871 P.
566 838 669 871 testa
690 830 1016 877 albido-cornea,
1036 829 1255 883 pellucida,
1278 844 1399 884 supra
1421 830 1563 884 plana,
1581 831 1719 871 subtus

272 917 470 951 convexa,
504 900 760 949 umbilicata3
792 899 932 938 carina
956 912 1126 952 supera,
1160 898 1278 938 costis
1319 897 1492 951 obliquis
1528 897 1718 946 dentata,

272 972 459 1011 dentibus
484 969 691 1022 elongatis.

328 1060 537 1092 Descmpno.
569 1047 602 1086 I
601 1047 714 1085 >mola
737 1064 755 1082 «
775 1045 1017 1085 flavescente
1038 1045 1183 1083 fuscus.
1206 1044 1354 1083 Sturm.
1381 1061 1397 1080 n
1423 1043 1544 1083 Testa
1572 1043 1601 1082 2
1622 1044 1720 1084 mill.

273 1120 413 1172 longa,
447 1117 466 1156 1
501 1117 543 1165 ss,
574 1115 655 1154 alta
688 1115 731 1162 ss3
759 1127 891 1152 crassa
903 1144 911 1162 ‚
942 1112 1154 1166 pellucida.
1192 1110 1411 1149 Anfractus
1439 1111 1467 1149 2
1503 1111 1546 1159 ’Δ
1583 1112 1725 1150 ultimo

273 1186 456 1224 maximo.
478 1185 681 1238 Apertura
700 1196 867 1235 magna,
890 1180 1118 1219 rotundata.
1142 1177 1367 1220 Umbilicus
1385 1192 1458 1232 pro
1483 1184 1599 1218 testae
1617 1193 1721 1233 mag-

272 1253 455 1291 nitudine
480 1253 594 1290 latus.
622 1250 842 1288 Peristoma
880 1247 1208 1287 subcontinuum.

328 1337 552 1372 Osssmzvum.
574 1330 633 1368 Ex
656 1327 958 1382 comparatione
983 1330 1175 1365 accurata
1199 1323 1477 1377 descriptionis
1507 1337 1630 1377 quam
1650 1338 1723 1378 pro

273 1413 344 1438 suo
374 1398 575 1436 Planorbe
604 1397 816 1435 imbricato
836 1395 905 1434 <lat
925 1394 1120 1433 Mullerus
1132 1423 1140 1442 ,
1163 1407 1256 1431 cum
1273 1405 1363 1431 meo
1387 1391 1627 1445 specimine,
1647 1398 1727 1431 tes-

272 1473 355 1505 tam
372 1464 457 1518 ejus
473 1464 573 1513 huo,
594 1478 669 1501 nec
687 1463 738 1501 ad
765 1461 1091 1509 antecedentem,
1121 1459 1324 1513 pertinere
1355 1458 1539 1499 arbitror.
1562 1458 1724 1513 Species

274 1531 519 1587 praecedenti
548 1531 674 1570 multo
701 1528 835 1567 levior.

329 1621 526 1653 HAssmno.
546 1608 712 1650 Lovanii
732 1608 774 1646 in
789 1613 930 1661 stagno
950 1611 1062 1646 extra
1081 1610 1240 1659 portam
1260 1605 1413 1644 canalis
1433 1607 1723 1655 sinistrorsum,

276 1681 397 1720 semel
425 1678 568 1733 reperi.

517 1797 544 1850 †
561 1792 590 1847 †
609 1792 637 1846 Ἰ-
655 1793 683 1847 -1-
699 1791 902 1826 Tentaculis
922 1789 1017 1823 binis
1046 1789 1125 1823 basi
1151 1794 1298 1822 externa
1325 1788 1484 1822 oculatis.

664 1882 769 1917 GEN.
799 1882 854 1916 12.
881 1879 1197 1916 CYCLOSTOMA.
1230 1878 1333 1914 Lam..

363 1945 624 1993 Cyclostomatis
648 1957 701 1990 sp.
731 1944 851 1990 Drap.
876 1943 1006 1978 Neritae
1027 1956 1080 1989 sp.
1107 1941 1209 1976 Mull.
1234 1941 1401 1975 Turbinis
1426 1952 1478 1986 sp.
1509 1938 1621 1973 Gmel.

332 2051 493 2090 Animal
527 2054 830 2103 streptosomate
865 2047 1114 2101 longissimo,
1155 2045 1388 2100 cylindrico.
1430 2045 1485 2085 Os
1514 2045 1725 2099 probosci-

274 2121 412 2171 forme,
428 2125 650 2159 transverse
670 2122 948 2170 corrugatum,
970 2113 1154 2154 ossiculis
1174 2114 1331 2154 interne
1347 2112 1502 2155 duobus
1519 2113 1725 2159 calcareis,
