2027 2701
876 210 1148 249 PULMONAGEA.
1676 210 1727 250 37

276 326 502 365 secundum
523 331 682 364 autores
703 324 877 363 multum
901 322 1086 371 varians,
1117 320 1322 360 interdum
1350 321 1605 360 transversim
1639 321 1732 360 sub—

281 399 346 431 tus
367 392 544 431 fasciata.

337 479 534 512 Humum.
556 470 679 509 Juxta
699 468 796 508 Orn.
814 467 986 507 Vanden
1016 467 1129 506 Ende
1150 467 1213 518 (in
1244 466 1330 521 ejus
1363 467 1651 520 supplementis
1681 469 1731 507 acl

282 553 467 578 mancam
478 544 517 577 et
526 536 815 591 imperfectam,
828 536 899 574 etsi
912 535 1077 589 prcemio
1093 542 1289 581 ornatam,
1304 534 1501 583 Bennetii,
1513 541 1553 574 et
1570 534 1733 575 Olivieri

282 606 601 646 dissertationem
628 604 684 657 (1)
706 605 754 644 de
776 603 984 657 speciebus
1006 603 1056 642 ad
1073 603 1215 641 Linnei
1236 603 1402 642 classem
1422 603 1620 642 vermium
1635 616 1730 655 per-

279 672 500 711 tinentibus
521 685 614 725 quae
645 672 686 710 in
713 672 850 725 Belgio
877 672 1036 723 vivunt)
1057 671 1234 710 bulimus
1262 671 1350 717 ille,
1383 685 1406 708 a
1437 669 1730 723 congeneribus

281 739 618 787 distinctissimus,
644 739 686 777 in
703 753 798 793 agro
818 738 1066 777 Bruxellensi
1088 737 1290 775 invenitur
1307 751 1314 775 ε
1332 736 1509 789 hincque
1530 738 1565 775 ei
1587 737 1628 775 in
1654 737 1731 776 hae

280 807 605 855 enumeratione,
635 807 728 846 lieet
748 807 831 860 ipse
853 819 935 844 non
970 803 1213 852 invenerim,
1243 803 1376 842 locum
1404 803 1584 842 tribuere
1619 803 1729 841 haud

282 874 474 913 dubitavi.

337 952 402 992 41.
427 952 499 992 B...
518 952 717 993 Ossscussus
736 953 865 1006 Drap.
882 951 980 991 Icon
999 951 1138 1005 Pfez'ff
1156 949 1186 989 I.
1212 949 1289 989 tab.
1307 949 1345 989 3.
1366 951 1433 1002 fif).
1456 947 1518 988 ll.

337 1041 460 1074 SYNON.
482 1032 598 1072 Helix
623 1033 792 1071 obscura
809 1032 926 1071 Mull.
945 1030 1127 1070 Bulimus
1151 1029 1399 1068 hordeaceus
1421 1027 1562 1082 Bruq..

334 1119 497 1152 Dmmvos.
516 1111 558 1150 Β.
575 1117 679 1150 testa
694 1111 1018 1163 ovato-oblonga,
1037 1116 1245 1158 castanea,
1263 1110 1401 1147 striata
1412 1120 1420 1155 3
1437 1113 1627 1161 apertura
1643 1108 1732 1146 sub-

282 1180 475 1227 rotunda3
496 1178 755 1233 peristomate
782 1178 942 1231 patulo,
964 1176 1209 1226 suhreflexo,
1232 1177 1338 1215 albo.

337 1268 550 1301 DEscmPno.
572 1258 717 1296 Incola
740 1272 861 1311 supra
877 1258 1092 1306 obscurus,
1114 1256 1334 1296 lateraliter
1359 1254 1554 1309 pallidus,
1572 1254 1729 1294 inferne

285 1326 516 1373 albescens,
540 1323 664 1363 oculis
697 1324 787 1362 solis
812 1324 946 1376 nigris.
983 1324 1102 1362 Testa
1127 1323 1152 1361 9
1177 1324 1273 1362 mill.
1298 1323 1437 1375 longa,
1460 1320 1485 1359 3
1510 1327 1551 1374 Ἀ,
1578 1322 1680 1371 alta,
1705 1322 1732 1361 4

282 1406 434 1442 crassa,
459 1392 684 1438 subnitida,
707 1390 930 1444 pellucida,
959 1391 1190 1430 tenuissime
1220 1390 1369 1429 striata.
1394 1389 1613 1429 Anfractus
1643 1403 1732 1443 sep-

281 1466 383 1509 tem,
404 1459 583 1500 convexi.
607 1458 803 1497 Foramen
824 1457 1055 1496 umbilicale
1079 1462 1306 1509 angustum.

339 1547 564 1582 Osssmvnm.
586 1538 708 1578 Testa
730 1543 867 1576 nostra
891 1537 1006 1575 icone
1030 1535 1381 1590 Draparnaldiana
1400 1536 1549 1585 multo,
1567 1535 1728 1575 Pseifse-

283 1608 398 1647 riana
426 1613 561 1647 autem
589 1605 710 1659 paulo
738 1603 925 1656 gracilior
945 1610 1015 1643 est.
1042 1604 1160 1657 Saepe
1182 1609 1291 1642 terra
1312 1602 1488 1642 obducta
1511 1604 1724 1643 invenitur.

283 1674 454 1714 Habitus
473 1680 612 1714 exacte
638 1672 784 1712 Bulimi
807 1671 988 1710 montani
1013 1672 1082 1711 sed
1102 1671 1223 1724 duplo
1247 1670 1392 1709 minor.

338 1763 536 1797 Hammo.
558 1753 623 1793 Ad
647 1752 847 1805 margines
875 1751 1032 1790 viarum
1064 1750 1170 1790 inter
1207 1749 1390 1804 gramina
1423 1749 1650 1804 praesertim
1684 1750 1727 1789 in

282 1824 425 1878 apricis
450 1822 661 1869 montosis,
683 1826 768 1859 tota
798 1824 949 1858 aestate.

538 1913 552 1928 *
568 1913 583 1927 '⁶
607 1913 727 1952 Testa
743 1912 1014 1964 imperforata.
1033 1908 1133 1948 Gen.
1152 1907 1335 1948 Cionella
1357 1908 1471 1964 Jeffr.

339 2005 405 2046 42.
426 2005 496 2046 Β...
516 2005 710 2047 LUBRlcus
725 2003 855 2059 Bruq.
874 2002 973 2043 Ieon
1000 2001 1182 2057 Pseiffer.
1198 1999 1230 2041 I.
1249 1999 1328 2041 tab.
1345 1999 1382 2040 3.
1402 2003 1471 2055 fiq.
1490 1998 1528 2041 7.

327 2116 370 2156 (1)
392 2116 450 2146 Cfr.
462 2116 710 2154 Natuurkundige
731 2115 990 2154 verhandelingen
1014 2123 1073 2143 van
1094 2113 1132 2142 de
1151 2113 1347 2143 Hollandsche
1359 2111 1571 2151 maatschappij
1592 2111 1647 2141 der
1664 2121 1727 2141 we-

285 2167 501 2207 tenschappen,
527 2169 575 2197 15ε
589 2178 627 2197 en
653 2168 700 2196 16==
720 2168 797 2197 Deel.
