2027 2701
812 219 1081 260 PULMONACEA.
1631 223 1675 262 ll

297 335 417 369 Smow.
452 326 568 367 Helix
598 327 798 382 pellueida
819 327 936 366 Mull.
967 328 1083 367 Helix
1111 328 1313 383 diaphana
1334 328 1446 368 Pot'r.
1465 344 1546 369 non
1562 330 1676 368 Lam.

236 394 392 434 Vitrina
426 395 629 449 pellucida
656 393 795 434 Brard
813 395 826 446 (
843 409 891 433 ex
922 398 1077 448 parte)
1101 396 1146 434 V.
1174 395 1331 435 Mulleri
1367 397 1480 451 Jeffi·.

291 478 452 511 Dmmvos.
476 471 522 510 V.
552 477 653 509 testa
680 470 1008 517 convexiuscula,
1039 469 1336 518 flavo-virente,
1358 471 1486 510 nitida
1496 485 1504 520 3
1529 472 1680 510 anfrac-

236 538 341 577 tibus
369 538 517 587 trihus;
550 545 740 592 apertura
767 538 1027 576 subrotunda.

291 622 500 655 DESCRIPTIO.
532 612 676 652 Incola
704 613 1054 666 griseo-rubellus,
1088 615 1208 668 pallio
1244 615 1381 662 fusco,
1417 614 1508 653 lobo
1542 615 1680 654 dextro

234 681 285 720 ad
306 687 489 720 centrum
522 696 650 734 usque
681 681 796 734 spirce
828 681 1034 727 extensili‚
1065 681 1279 720 teutaeulis
1307 681 1563 719 inferioribus
1589 681 1681 720 bre-

232 748 409 787 vissimis.
450 747 569 786 Testa
606 747 631 786 5
667 748 764 786 mill.
801 748 941 799 longa,
977 747 1003 784 4
1038 748 1138 793 alta,
1176 747 1201 785 3
1238 762 1386 794 crassa,
1424 749 1681 800 praecedente

232 816 358 854 multo
392 815 578 863 solidior,
609 813 863 853 subtilissime
891 814 1050 862 striata,
1086 813 1342 852 anfractuum
1373 815 1512 852 sutura
1549 814 1681 852 minus

235 882 458 921 manifesta.

288 965 510 999 Osssmu-nm.
542 956 917 996 Denominationem
953 955 1249 995 Pseifferianam
1281 957 1434 995 caeteris
1469 957 1679 1011 anteposui

234 1031 320 1064 tum
351 1025 447 1077 quia
478 1025 653 1064 colorem
681 1039 762 1076 qua
789 1031 892 1062 testa
922 1025 1072 1076 gaudet
1105 1024 1208 1063 bene
1238 1024 1445 1078 exprimit,
1475 1031 1561 1063 tum
1583 1024 1679 1077 quia

231 1105 313 1130 non
343 1091 470 1129 solum
510 1090 628 1128 datur
663 1090 821 1129 Vitrina
855 1091 1057 1144 pellucida
1090 1091 1244 1129 Brardii
1274 1092 1344 1130 sed
1380 1098 1418 1130 et
1439 1091 1603 1130 Sturmii
1637 1097 1677 1130 et

230 1158 533 1212 Draparnaldii,
566 1171 659 1211 quae
693 1172 829 1196 omnes
852 1159 954 1209 (non
975 1158 1049 1196 nisi
1078 1158 1350 1211 pelluciditate
1371 1158 1677 1210 convenientes)

231 1226 382 1279 speeies
410 1225 529 1279 plane
564 1225 737 1264 diversas
772 1225 1032 1263 constituunt.
1070 1225 1134 1263 Ad
1163 1225 1444 1278 Draparnaldii
1482 1224 1681 1264 Vitrinam

232 1293 496 1346 pellucidam,
524 1306 613 1344 quae
636 1291 898 1330 IIelicolimax
920 1291 1153 1330 Audebardi
1174 1306 1196 1330 a
1216 1292 1446 1330 Ferussaeio
1463 1299 1503 1331 et
1522 1292 1682 1331 Vitrina

233 1358 514 1412 Draparnaldii
553 1372 576 1396 a
610 1357 819 1411 Jeffreysio
858 1365 1047 1409 vocatur,
1087 1358 1310 1398 referendae
1344 1359 1459 1398 nobis
1494 1360 1680 1400 videntur

235 1426 396 1466 Brardii
428 1424 507 1464 tab.
538 1424 598 1463 III
634 1428 702 1479 figJ.
729 1424 766 1463 3.
804 1424 841 1463 4.

292 1509 489 1541 Hammo.
516 1498 639 1537 Junio
668 1499 832 1537 ineunte
858 1498 899 1537 in
923 1499 1137 1553 caespitosis
1159 1500 1210 1538 ad
1230 1501 1429 1554 margines
1449 1506 1681 1554 stagnorum

232 1566 445 1606 Etterbeek
483 1580 606 1620 prope
645 1565 852 1604 Bruxellas
881 1571 921 1604 et
947 1565 1068 1620 juxta
1100 1566 1313 1606 Demeram
1346 1568 1451 1606 inter
1488 1566 1683 1607 Aerscltot

234 1641 273 1675 et
308 1633 503 1674 Betekom.

706 1748 814 1791 GEN.
847 1747 880 1782 3.
912 1747 1051 1782 HELIX
1083 1747 1202 1795 Drap.

630 1820 764 1854 Helieis
792 1832 885 1866 spec.
920 1820 1030 1855 Le‘mz.
1065 1820 1174 1854 Gmel.
1200 1820 1280 1854 Fer.

287 1926 447 1966 Animal
488 1933 792 1982 streptosomate
840 1928 996 1967 ratione
1029 1928 1205 1982 eorporis
1240 1927 1363 1968 obeso.
1400 1927 1571 1968 Pallium
1605 1943 1677 1968 ca-

237 1994 323 2048 pitii
355 1994 480 2033 instar
510 2002 633 2049 eaput
667 1996 857 2050 cingens,
887 2010 1006 2050 super
1033 1996 1311 2050 proboscidem
1335 1997 1435 2036 lobis
1459 1997 1586 2036 tribus
1616 2011 1681 2036 ro-

235 2061 416 2100 tundatis
450 2062 721 2102 terminatum.
755 2062 810 2102 Os
836 2063 940 2102 inter
972 2063 1091 2102 hosce
1120 2063 1230 2102 lobos
1260 2064 1400 2113 situm,
1428 2065 1531 2105 rima
1560 2064 1682 2104 verti-

231 2129 328 2180 eali,
350 2143 520 2169 massam
544 2130 763 2184 lingualem
789 2145 954 2185 parvam
974 2132 1194 2171 ineludenti
1207 2161 1216 2179 ‚
1238 2138 1436 2171 constans.
1457 2131 1680 2171 Tentacula
