2027 2701
228 256 254 293 8
808 247 1085 285 ΟΑΞΤΕΒΟΡΟΒΛ

225 358 318 396 tulis
338 357 460 411 nigris
477 369 657 410 aspersa,
673 354 727 392 23
744 352 841 392 mill.
864 353 996 407 longa.
1024 354 1182 394 Collum
1198 354 1262 394 vix
1282 369 1304 394 e
1325 361 1438 394 seuto
1455 357 1650 395 excedens
1662 386 1670 404 ,

225 425 365 464 iisdem
395 424 514 463 sulcis
538 437 584 461 ao
606 421 838 475 praeeedens
867 421 1118 474 inscriptum.
1148 421 1317 461 Seutum
1346 423 1569 475 nigricans,
1600 423 1673 461 im-

225 492 471 530 maculatum
480 520 488 537 ‚
514 494 657 526 testam
680 487 918 540 oblongam,
942 488 1124 541 planam,
1156 489 1388 536 includens,
1411 489 1542 528 tertiae
1570 489 1675 543 parti

225 558 345 597 totius
374 554 550 607 eorporis
573 554 749 607 aequale‚
788 554 921 593 antiee
955 555 1148 603 liberum⁷
1180 556 1401 595 lateraliter
1432 555 1674 610 productum

225 630 266 663 et
286 621 441 674 corpori
463 620 599 658 stricte
620 620 864 673 adpressum.
889 619 1091 674 Apertura
1112 623 1359 675 pulmonaris
1385 623 1569 671 inferior,
1590 637 1676 662 ma-

224 704 320 743 gna,
339 688 523 740 oblonga.
545 686 619 726 Pes
635 687 717 726 fere
735 688 1059 741 immarginatus,
1076 687 1216 727 subtus
1234 688 1357 727 fascia
1377 690 1601 728 utrinsecus
1618 689 1676 728 la-

224 763 282 804 ta,
299 755 414 808 nigra
432 754 587 806 (relicta
604 769 698 793 area
713 755 845 794 media
863 755 956 794 alba
971 755 1214 809 angustiori)
1232 755 1514 795 circumdatus.
1533 755 1674 795 Mueus

225 837 347 876 quem
377 836 535 876 pressus
565 823 753 872 exsudat,
790 823 925 873 albus,
962 823 1290 876 margaritaeeus.

282 905 505 939 Osssmvuio.
541 896 683 936 Limax
710 897 798 945 ille,
831 912 855 936 a
884 897 943 936 Cl.
976 898 1167 936 Ferussac
1201 912 1274 951 pro
1303 896 1497 937 varietate
1526 910 1678 950 praeoe-

226 965 355 1004 deutis
396 965 578 1014 habitus,
614 965 717 1004 faeie
754 965 931 1018 quadam
966 965 1162 1019 peculiari
1191 965 1242 1004 ab
1276 979 1323 1004 eo
1350 964 1540 1004 recedere
1576 963 1675 1002 mihi

224 1032 382 1072 videtur
403 1038 442 1070 et
464 1032 578 1086 quasi
606 1032 867 1071 intermedius
895 1039 954 1071 est
978 1033 1083 1071 inter
1112 1032 1155 1071 L.
1189 1033 1452 1085 antiquorum
1473 1037 1512 1070 et
1543 1031 1583 1070 L.
1620 1031 1677 1070 al-

225 1100 366 1153 pinum
395 1099 481 1138 Fer.
515 1098 578 1137 Ob
603 1106 719 1137 notas
747 1099 789 1137 in
821 1099 1001 1152 diagnosi
1033 1099 1242 1153 allegatas⁷
1272 1099 1323 1137 ob
1355 1104 1513 1137 scutum
1549 1104 1674 1145 teres,

226 1167 374 1205 collum
406 1166 506 1205 adeo
537 1166 786 1205 abscondens
806 1172 851 1204 ut
880 1172 974 1205 ante
1002 1172 1144 1205 notum
1163 1165 1328 1204 Sturmii
1358 1179 1478 1219 opus⁷
1510 1164 1600 1219 Jam
1632 1164 1674 1202 in

226 1232 381 1272 scriniis
402 1233 499 1271 meis
524 1232 598 1271 sub
628 1233 790 1271 nomine
811 1233 854 1272 L.
877 1232 1102 1271 brevicellis
1127 1232 1450 1284 designaveram,
1472 1231 1523 1270 ob
1544 1237 1677 1270 tenta-

227 1301 319 1340 cula
348 1300 522 1353 denique
546 1299 796 1353 longissima,
823 1314 896 1353 pro
925 1300 1057 1353 speeie
1085 1299 1274 1339 distincta
1298 1298 1449 1338 servavi
1475 1305 1516 1336 et
1543 1299 1676 1336 minu-

227 1367 342 1407 tatim
367 1366 568 1420 descripsi.
599 1365 695 1405 leon
712 1367 865 1405 Feruss.
891 1366 960 1405 tab
981 1366 1007 1404 8
1024 1366 1071 1405 A.
1093 1365 1126 1404 1.
1149 1380 1229 1404 non
1245 1366 1388 1419 placet.
1418 1363 1549 1404 Crista
1569 1364 1677 1418 apud

228 1433 451 1473 sturmium
476 1432 634 1472 brevior
660 1433 899 1486 depingitur.

285 1517 485 1550 HAmmno.
508 1508 712 1547 Mensibus
729 1509 834 1547 maio
859 1508 1026 1562 etjunio
1046 1508 1214 1562 hujusce
1239 1514 1278 1547 et
1293 1508 1558 1562 praecedentis
1579 1508 1676 1547 anni

229 1577 335 1615 hane
366 1589 499 1614 raram
526 1576 699 1629 speeiem
729 1576 770 1614 in
799 1576 908 1629 sylva
927 1576 1045 1629 vulgo
1069 1574 1143 1613 (len
1168 1574 1532 1628 Gasllmys-Bosoh
1551 1589 1676 1628 prope

230 1644 314 1697 agri
334 1642 591 1682 Lovaniensis
607 1657 755 1696 pagum
771 1642 1026 1697 Pelleozbery,
1047 1641 1192 1683 inveni.
1211 1640 1345 1691 Quum
1362 1641 1490 1694 primo
1506 1641 1674 1688 offendi,

232 1711 305 1749 sub
335 1717 442 1749 terra
465 1710 704 1749 corrodebat
727 1711 854 1750 basim
879 1711 1021 1765 stipitis
1042 1708 1413 1765 Aqaricipyroqali
1432 1712 1553 1762 quem
1574 1709 1675 1748 forte

233 1778 541 1817 eradicaveram.

287 1893 324 1934 8.
347 1893 419 1933 L...
442 1893 633 1932 GAGATES.
663 1891 791 1946 Drap.
825 1890 921 1930 Ieon
954 1890 1113 1930 Feruss.
1149 1891 1226 1930 lab.
1263 1891 1299 1930 6.
1324 1893 1393 1944 fiq.
1423 1889 1457 1929 l.
1480 1895 1519 1929 et
1544 1889 1583 1927 2.

286 1979 447 2010 Dmfflvos.
478 1968 521 2007 L.
554 1974 743 2022 apertura
768 1967 942 2021 postica3
973 1966 1088 2005 dorso
1112 1966 1310 2015 earinato3
1341 1971 1454 2004 scuto
1484 1964 1671 2018 gibboso,

235 2037 344 2076 suloo
372 2036 595 2090 marginali.

290 2112 497 2146 Dascmmo.
528 2103 757 2151 violaceus,
787 2101 926 2140 subtus
949 2100 1183 2156 plumbeus,
1212 2100 1432 2139 lateraliter
1458 2099 1667 2146 cinereus,

237 2172 350 2210 dorso
374 2187 455 2211 non
480 2172 655 2211 cristato.
680 2169 907 2224 Longitudo
922 2169 1043 2208 totius
1060 2168 1242 2208 animalis
1264 2167 1416 2222 absque
1432 2165 1668 2212 tentaeulis,
