2027 2701
852 207 1123 249 Pumomcffl.
1653 209 1703 250 47

268 319 524 360 subtilissime
542 322 690 361 striata.
704 321 904 375 Apertura
924 322 1040 360 altior
1055 335 1177 374 quam
1191 320 1284 370 lata,
1301 322 1456 360 munita
1474 322 1606 372 dente,
1622 337 1704 361 non

268 388 312 427 in
338 389 468 427 medio
496 390 720 428 columellae
753 389 821 427 sed
850 388 1098 426 dextrorsum
1131 401 1264 426 versus
1294 389 1558 441 peristomatis
1582 389 1706 428 inser-

270 456 422 495 tionem
443 456 528 495 sito.
552 456 773 495 Peristoma
794 455 942 493 album.
966 455 1186 494 [mbilicus
1207 455 1427 509 profundus
1456 462 1496 496 et
1526 457 1630 496 latus
1663 462 1708 494 ut

270 522 313 562 in
336 522 456 577 hujus
485 523 670 561 sectionis
696 522 807 560 nulla
835 523 965 575 specie
993 522 1128 575 magis.

327 610 548 645 OBSERVATIO.
568 602 729 656 Species
746 602 927 655 sequenti
949 602 1150 655 paulisper
1166 601 1362 655 gracilior.

326 690 525 725 Hammo.
550 683 660 722 Inter
691 683 881 722 detritum
916 682 1102 720 soliorum
1131 682 1173 720 in
1204 681 1379 721 arenosis
1406 681 1709 722 humidiusculis

270 749 436 792 Lovanii
456 751 605 806 pluries
633 750 721 803 legi.

326 859 392 899 55.
411 859 481 899 P...
500 858 877 913 MrsconnnPfeiffi
900 857 996 897 Icon
1017 856 1153 921 Pfeiffi
1176 856 1206 896 I.
1230 856 1309 896 tab.
1333 856 1369 896 3.
1388 859 1456 911 fiq.
1478 857 1540 898 17.
1566 858 1626 898 18.

320 939 591 982 SnvomTurbo
607 953 833 978 muscetum
844 937 992 977 LQF.
1005 937 1117 976 Saec.
1136 935 1170 976 C
1173 936 1298 976 heum.
1311 935 1350 975 9.
1368 940 1435 991 fiq.
1453 937 1557 978 1076
1566 946 1613 976 n0
1626 937 1660 977 l.
1673 938 1712 978 2.

272 1006 409 1046 Turbo
430 1004 659 1046 musccrum
680 1006 805 1046 Gmel.
824 1006 865 1044 S.
887 1003 940 1043 N.
959 1005 1056 1043 excl.
1081 1019 1164 1058 syn.
1184 1010 1330 1057 praeter
1351 1003 1461 1042 Mull.
1485 1010 1524 1043 et
1545 1003 1711 1044 Chemn.

271 1072 389 1112 Helix
409 1087 637 1111 muscorum
670 1072 788 1110 Mull.
819 1071 980 1110 Ferus-s.
1013 1071 1173 1109 exclusa
1200 1070 1312 1123 Pup&
1341 1071 1565 1123 marginata
1585 1071 1712 1125 Drap.

272 1139 386 1193 Pupa
416 1153 646 1177 muscorum
666 1137 802 1191 Pseiff.
824 1138 921 1176 excl.
939 1137 1051 1190 Pupa
1067 1150 1296 1175 muscorum
1317 1136 1390 1175 Dr.
1407 1137 1562 1175 Bulimo
1583 1136 1712 1193 Bruy.

328 1226 491 1260 Dmmos.
512 1217 554 1256 P.
578 1223 680 1256 testa
709 1231 875 1263 cornea,
913 1216 1160 1255 anfractibus
1179 1227 1263 1263 sex3
1290 1222 1479 1269 apertura
1503 1215 1713 1262 edentula3

274 1287 531 1342 peristomate
558 1285 797 1332 incrassato⁷
815 1284 972 1336 patulo,
991 1283 1093 1322 albo.

282 1363 285 1366 ’
327 1373 547 1406 Dssscmmo,
565 1363 710 1402 Incola
725 1364 924 1412 cinereus,
947 1363 1084 1410 dorso,
1107 1362 1233 1410 collo,
1255 1363 1406 1416 capite,
1422 1362 1718 1416 tentaculisque

275 1432 500 1479 insufflatis,
524 1431 627 1484 pede
658 1430 897 1468 albescente.
936 1429 1056 1467 Testa
1085 1428 1110 1467 3
1144 1430 1239 1468 mill.
1277 1430 1416 1481 longa,
1441 1429 1461 1467 1
1497 1435 1539 1481 7
1566 1430 1648 1468 alta
1678 1435 1718 1469 et

276 1513 432 1548 crassa,
454 1498 709 1537 solidiuscula
723 1528 731 1546 ,
761 1495 1001 1549 cylindrica‚
1032 1509 1188 1533 sursum
1215 1501 1443 1545 attenuata,
1466 1502 1553 1549 post
1573 1496 1718 1535 incolae

275 1572 445 1606 mortem
463 1566 552 1619 plus
567 1565 746 1603 minusve
762 1563 994 1615 pallescens.
1013 1561 1215 1614 Apertura
1237 1562 1387 1615 absque
1409 1563 1572 1601 minimo
1588 1562 1718 1602 dentis

275 1632 459 1686 vestigio,
484 1630 743 1670 subrotunda.
767 1629 988 1668 Umbilicus
1008 1629 1262 1667 mediocriter
1282 1635 1435 1682 patens.

330 1718 556 1754 Onsvauo.
579 1709 740 1763 Species
769 1708 858 1747 haec
878 1708 972 1746 licet
995 1707 1338 1757 communissima,
1357 1707 1627 1746 recentissimo
1647 1707 1718 1747 ad-

275 1778 356 1818 huc
383 1785 562 1833 tempore
584 1792 607 1816 a
635 1776 693 1815 Cl.
722 1776 913 1814 Ferussac
941 1781 980 1813 et
1000 1774 1198 1813 Lamarck
1227 1789 1319 1813 cum
1350 1774 1463 1828 Pupa
1493 1774 1718 1828 marginata

277 1845 404 1898 Drap.
428 1847 473 1896 (a
494 1859 574 1899 qua
598 1845 797 1897 discrepat
814 1843 1002 1897 apertura
1018 1856 1093 1880 nec
1117 1842 1297 1895 superius
1318 1841 1437 1881 dente
1458 1856 1534 1880 nec
1550 1841 1717 1880 inferius

276 1911 487 1952 tuberculo
510 1913 673 1960 notata,
693 1910 1024 1963 anfractibusque
1053 1909 1078 1949 6
1101 1923 1175 1948 nec
1199 1908 1248 1962 7)
1266 1909 1342 1949 fuit
1361 1908 1540 1948 confusa.
1563 1907 1718 1962 Pupam

278 1979 545 2032 marginatam
566 1980 783 2034 genuinam
811 1978 991 2017 nondum
1016 1977 1161 2017 inveni.

333 2060 532 2095 HAmeo.
556 2053 604 2092 In
627 2054 796 2103 muscis,
819 2052 1053 2107 graminosis
1073 2058 1112 2091 et
1138 2050 1211 2091 sub
1236 2049 1437 2105 lapidibus
1456 2049 1608 2104 ubique
1636 2048 1719 2090 fere

277 2122 319 2161 in
343 2121 509 2161 australi
527 2120 746 2160 Brabantia
773 2120 1008 2160 communis.

1577 2183 1598 2217 8
