2027 2701
275 232 329 271 40
854 226 1129 264 GASTEROPODA

273 342 531 397 grieantibus.
560 340 679 379 Testa
713 336 764 375 18
788 335 885 374 mill.
908 335 1044 389 longa,
1066 333 1091 374 3
1114 340 1157 387 Ἀ
1177 335 1259 375 alta
1278 341 1319 374 et
1342 349 1495 384 crassa,
1525 338 1614 390 plus
1642 339 1716 377 mi-

273 425 395 451 nusve
415 407 592 463 gracilis,
615 403 816 443 interdum
837 402 1049 456 pellucida.
1071 402 1289 443 Ansraetus
1311 403 1524 443 duodecim
1553 411 1624 443 aut
1643 411 1717 444 tre-

273 477 413 516 decim.
445 475 646 527 Apertura
675 476 811 517 ovata,
844 469 1112 520 bilamellata,
1144 471 1330 510 deorsum
1355 471 1510 510 sulculo
1540 477 1715 511 exarata.

273 542 505 582 Clausilium
530 539 571 576 in
591 552 632 576 se
653 537 783 591 ipsum
800 537 867 589 (ut
890 536 994 576 bene
1013 544 1149 577 monet
1164 537 1500 592 Draparnaldius)
1520 538 1718 592 spiraliter

272 608 538 648 convolutum.

328 692 551 726 Osssssnvnm.
574 683 855 737 Draparnaldii
881 689 921 722 et
953 681 1128 722 Pseifferi
1149 683 1284 722 icones
1306 689 1408 722 testa
1436 690 1613 723 nostrate
1647 685 1720 722 mi-

272 765 388 791 nores
404 757 497 790 sunt
513 766 520 790 :
537 750 867 790 Sehlotterbeeeii
886 757 1038 797 autem,
1056 756 1215 789 naturae
1235 750 1444 790 seutatoris
1460 750 1720 804 Esslingensis

275 818 446 871 egregii,
464 817 593 869 figura
613 817 753 864 citata,
773 831 894 870 quam
909 816 997 870 jam
1019 816 1212 856 Mullerus
1228 817 1420 870 optimam
1437 817 1611 864 dixerat,
1628 831 1722 856 nos-

275 886 346 923 tris
372 884 657 938 speciminibus
685 883 785 922 adeo
812 890 951 922 exacte
975 884 1161 922 convenit
1184 890 1229 922 ut
1252 883 1309 922 nil
1331 897 1462 936 supra.
1487 882 1722 922 Clausiliam

275 951 538 990 ventricosam
559 950 688 1003 Drap.
726 950 906 989 nondum
941 950 1128 1003 detegere
1158 950 1270 1003 potui
1296 965 1304 989 ;
1337 964 1390 989 an
1419 949 1584 988 Sturmii
1607 948 1722 988 Helix

274 1033 480 1072 perversus
509 1018 610 1057 istuc
632 1032 790 1065 revera,
808 1018 924 1056 sicuti
948 1018 1075 1056 eredit
1096 1018 1288 1056 Ferussae
1300 1049 1309 1066 ,
1327 1017 1518 1070 pertinet,
1538 1016 1690 1056 dubito.

334 1096 529 1125 Hammo.
555 1085 603 1123 In
631 1085 727 1122 loeis
749 1085 939 1122 montosis
972 1084 1076 1122 inter
1101 1098 1277 1132 muscos,
1295 1084 1346 1122 ad
1375 1097 1510 1122 muros
1532 1090 1606 1122 ete.
1633 1084 1721 1122 vul-

277 1152 382 1204 garis
406 1166 476 1205 per
497 1157 688 1199 aestatem.

334 1265 398 1305 45.
422 1265 492 1305 C...
511 1265 650 1303 BmENs
670 1263 800 1315 Drap.
822 1261 919 1300 leon
936 1260 1117 1315 Pfez'ffer.
1141 1260 1172 1299 I.
1193 1259 1271 1299 lab.
1295 1260 1331 1299 3.
1353 1263 1421 1315 [ῖς.
1448 1261 1514 1300 25.

334 1354 454 1385 Sm-ox.
484 1343 621 1381 Turbo
648 1341 789 1380 bidens
818 1338 981 1379 Chemn.
1008 1354 1089 1378 non
1114 1338 1203 1377 Lin.
1226 1339 1342 1378 Helix
1361 1339 1503 1379 bidens
1535 1338 1653 1380 Mull,
1676 1340 1722 1380 H.

282 1412 476 1464 derugata
504 1409 544 1449 F
544 1422 665 1448 eru-ss,

336 1500 503 1533 Dmowos.
523 1489 566 1528 C.
582 1495 683 1527 testa
699 1487 847 1541 pallide
863 1500 1027 1536 cornea,
1038 1486 1114 1525 levi
1126 1515 1134 1534 ,
1146 1487 1273 1527 nitida
1285 1516 1293 1535 ,
1307 1486 1600 1542 subpellueida3
1617 1501 1727 1543 aper-

280 1568 372 1599 tura
394 1559 551 1598 inserne
579 1558 759 1609 integra3
783 1555 1038 1608 peristomate
1065 1555 1216 1607 patulo.

337 1646 545 1679 Dascmmo.
569 1633 714 1673 Incola
738 1633 866 1686 griseo
882 1655 901 1662 -
917 1632 1156 1685 chalybem,
1187 1631 1326 1670 subtus
1354 1631 1583 1672 flavescens.
1606 1634 1724 1672 Testa

286 1707 336 1746 16
363 1706 456 1744 mill.
480 1705 617 1757 longa,
639 1700 665 1740 3
685 1707 727 1754 72
745 1701 827 1740 alta
851 1708 890 1740 et
909 1714 1063 1747 crassa,
1085 1700 1229 1753 polita,
1249 1699 1324 1738 sub
1344 1699 1451 1738 lente
1481 1700 1545 1738 vix
1574 1701 1723 1739 striata.

285 1773 499 1813 Anfractus
520 1769 709 1814 undecim
735 1769 881 1808 suturis
901 1767 1170 1822 superioribus
1184 1767 1297 1820 quasi
1318 1767 1570 1820 marginatis⁷
1588 1767 1729 1806 mediis

284 1841 485 1880 interdum
513 1838 746 1878 crenulatis.
764 1836 966 1891 Apertura
982 1835 1144 1889 oblique
1164 1841 1300 1884 ovata,
1321 1834 1579 1873 bilamellata.
1602 1833 1728 1873 Clau-

287 1909 417 1948 silium
453 1906 759 1958 emarginatum.

341 1996 564 2029 Osssmzvnm.
588 1984 686 2023 leon
708 1999 830 2039 quam
852 1983 910 2023 Cl.
933 1982 1060 2022 Brard
1074 1982 1155 2021 tab.
1175 1981 1210 2021 3.
1225 1981 1288 2034 fig.
1313 1980 1349 2020 9.
1368 1995 1440 2035 pro
1457 1980 1650 2020 Clausilia
1665 1980 1729 2019 bi—

289 2055 407 2093 dente
423 2054 552 2106 Drap.
576 2052 762 2099 adducit,
780 2051 943 2090 minime
964 2051 1113 2104 placem
1145 2048 1246 2087 faeie
1275 2049 1382 2087 enim
1406 2048 1554 2102 gaudet
1585 2061 1728 2101 rugosa

288 2136 360 2161 nee
391 2122 465 2160 levi
474 2153 483 2171 ,
501 2127 540 2159 et
564 2120 780 2174 peristoma
806 2120 923 2158 nimis
945 2117 1137 2158 reflexum
1163 2117 1352 2157 ostendit.
