2027 2701
851 241 1118 280 Ptmmomcm.
1660 245 1713 286 39

275 367 357 391 non
393 351 586 391 adnotare
610 363 768 403 possum
798 347 976 386 Helicem
1005 347 1342 401 subcylindricam
1377 348 1538 389 Chemn.
1571 366 1660 404 quae
1688 367 1711 391 a

276 419 334 458 Cl.
351 418 562 457 Ferrussac
578 417 628 455 ad
643 416 843 454 Bulimum
860 415 1059 453 lubricum
1076 415 1266 463 refertur,
1285 416 1415 469 potius
1432 417 1482 456 ad
1497 417 1711 469 Terebras,

275 486 465 539 quoniam
494 484 681 537 aquatica
701 497 724 520 a
744 481 929 521 Gmelino
945 482 1109 531 dicitur,
1138 482 1273 521 forsan
1290 484 1501 536 pertinere.
1531 485 1712 525 Bulimus

276 553 431 592 acicula
458 552 507 590 de
535 564 615 602 quo
643 549 707 587 hic
738 549 868 601 agitur
900 563 974 587 nec
996 563 1089 588 cum
1114 548 1251 588 Helice
1279 550 1435 590 acicula
1465 551 1587 591 Lz'nn.
1609 559 1712 592 testa

274 618 462 671 aquatica
490 615 871 661 Coromandeliana,
903 629 977 653 nec
1015 630 1107 654 cum
1147 616 1304 655 Bulimo
1345 617 1535 657 aciculari
1568 618 1710 667 Lam,

273 685 404 738 specie
427 684 469 721 in
489 689 649 722 terreno
677 689 859 721 cretaceo
879 681 1156 736 Griqnionano
1178 683 1298 721 fossili
1314 713 1323 731 ,
1344 685 1662 725 confundendus.

328 771 525 804 HAssmmo.
558 760 678 799 Humi
698 760 896 813 reperitur
929 761 970 797 in
997 760 1192 798 sabulosis
1222 766 1261 798 et
1289 761 1466 809 edoctis,
1487 777 1569 802 non
1599 778 1709 804 com-

275 831 406 870 munis
426 836 575 869 tamen.
592 827 771 867 Incolam
795 827 975 865 nondum
1000 826 1093 866 vidi.

669 934 775 969 GEN.
799 934 832 968 (3.
859 933 1112 968 CLAUSILIA.
1140 934 1259 981 Drap.

530 1007 662 1040 Bulimi
686 1019 736 1051 sp.
757 1006 872 1052 Brzty.
887 1006 1052 1039 Turbinis
1072 1018 1124 1051 sp.
1149 1005 1233 1040 Lz'n.
1256 1005 1358 1040 Mull.
1374 1005 1455 1040 Fer.

325 1108 487 1147 Animal
522 1106 690 1159 gracile,
723 1112 1026 1160 streptosomate
1060 1107 1313 1159 longissimo,
1347 1109 1507 1149 trachea
1537 1111 1626 1151 tubi
1655 1113 1712 1152 in·

270 1181 356 1215 star
372 1173 522 1221 conici,
541 1172 693 1220 brevis,
705 1172 814 1211 ‘intra
835 1173 1054 1212 eolwnelloe
1074 1174 1345 1214 canaliculum
1364 1178 1513 1230 recepti
1520 1186 1708 1226 ,exserta

271 1242 495 1282 Tentacula
520 1240 710 1278 inferiora
730 1240 878 1280 brevia.
897 1240 1056 1279 Caetera
1085 1241 1219 1281 forsan
1240 1249 1284 1281 ut
1307 1243 1348 1282 in
1371 1243 1530 1293 Helice,
1552 1246 1710 1286 orificiis

268 1308 500 1350 sinistrorsis
527 1321 602 1345 neo
623 1306 853 1346 dextrorsis.

325 1417 445 1456 Testa
471 1417 720 1470 fussz07·mz's‚
741 1418 996 1466 sinistrorsa,
1016 1418 1130 1471 apice
1161 1419 1314 1458 obtuso.
1346 1420 1564 1461 Anfractus
1593 1424 1708 1463 valde

268 1484 440 1537 obliqui,
462 1484 603 1523 ultimo
620 1486 790 1524 cavitate
812 1499 886 1523 sua
906 1484 1122 1523 ossiculum
1142 1485 1350 1525 clasticum
1374 1487 1606 1528 occultante.
1625 1489 1704 1529 Co-

267 1551 430 1590 lumella
456 1552 604 1604 plicata
630 1552 691 1590 vel
715 1551 929 1589 lamellata.
956 1550 1157 1604 Apertum
1175 1552 1366 1606 oblonga,
1383 1568 1539 1594 sursum
1565 1569 1704 1595 coarc-

266 1623 361 1657 tata.
392 1616 611 1656 Peristoma
640 1616 884 1656 continuum.

620 1722 633 1734 *
654 1721 882 1762 Interstile'o
903 1723 1211 1764 interlamellari
1244 1726 1345 1767 laevi.

319 1833 383 1872 44.
401 1832 473 1873 C...
492 1832 653 1873 Rmosl
669 1832 796 1886 Drap.
815 1832 911 1872 Ieon
930 1833 1167 1875 Sclzlotterb.
1189 1836 1266 1877 tab.
1286 1837 1322 1878 3.
1342 1841 1410 1894 fiq.
1436 1840 1498 1880 18.

319 1919 440 1952 ΞΥΝΟΝ.
469 1911 585 1951 Helix
602 1927 786 1966 perversa
802 1912 920 1952 Mull.
938 1928 1019 1953 non
1035 1914 1181 1954 Sturm.
1202 1930 1277 1955 nec
1298 1916 1417 1958 Linn.

319 1998 478 2032 Dmcmos.
503 1991 547 2031 C.
570 1998 672 2031 testa
697 1993 830 2041 fusca,
859 1993 962 2032 striis
996 1995 1157 2034 elevatis
1187 2010 1350 2050 rugosa;
1377 2005 1565 2052 apertura
1593 2001 1698 2042 infe-

262 2060 344 2098 rius
375 2059 662 2106 canaliculata;
680 2061 936 2114 peristomatc
963 2060 1131 2111 reflexo,
1152 2063 1300 2111 soluto,
1323 2066 1610 2122 productoque.

315 2149 525 2181 DEscmrno·
547 2136 690 2177 Incola
709 2140 876 2192 griseus,
900 2141 1034 2191 dorso,
1056 2142 1186 2196 capite
1202 2145 1496 2200 tentaculisque
1512 2146 1623 2188 fusco
1642 2150 1698 2189 ni-

1578 2216 1599 2249 7
