2027 2701
836 226 1105 265 Pumuomcm³
1633 220 1686 260 43

304 345 501 378 Hammo.
520 336 583 375 Ad
597 336 740 390 pedem
757 334 860 372 muri
882 334 986 371 inter
1002 332 1190 385 Releqem
1204 337 1244 369 et
1259 329 1407 370 Assche
1427 337 1548 384 atque
1567 331 1688 370 etiam

251 405 354 444 inter
383 403 577 443 Aer-schot
604 410 643 442 et
664 402 827 440 Billaer
852 400 894 437 in
926 399 1114 437 montosis
1142 398 1388 450 graminosis.

304 514 371 553 49.
402 514 472 553 C...
510 514 728 552 Pucinum
760 511 834 550 Dr.
872 510 967 549 leon
1002 511 1130 563 Drap.
1169 510 1245 549 tab.
1285 511 1322 550 4.
1350 514 1418 565 fiq.
1452 511 1518 552 17.

305 601 465 634 Dmmvos.
501 591 545 630 C.
569 597 670 630 testa
694 590 783 629 rufo
801 590 931 637 fusca,
950 590 1155 643 elongata3
1178 596 1368 643 apertura
1387 597 1610 640 coaretata3
1626 607 1690 646 pe-

250 659 454 698 ristomate
483 658 620 711 patulo
651 655 886 695 subreflexo.

302 744 510 777 Descmmo.
540 734 682 773 Incola
710 734 881 787 griseus,
917 734 1032 772 dorso
1061 734 1274 785 capiteque
1300 733 1443 785 nigris,
1475 738 1688 776 tentaculis

248 803 435 851 cinereis,
468 801 685 855 pellucidis.
718 799 836 838 Testa
871 798 916 837 11
949 799 1044 837 mill.
1075 799 1193 851 longa
1223 799 1250 837 2
1275 800 1318 847 72
1349 801 1431 839 alta
1465 808 1505 840 et
1535 817 1685 852 crassa,

246 869 442 908 subtiliter
475 869 624 907 striata.
660 866 876 906 Aust-actus
906 866 1116 906 duodecim
1149 867 1456 906 convexiuseuli.
1481 867 1684 922 Apertura

249 942 376 976 ovata.
413 934 676 974 Interstitium
717 933 1028 972 interlamellare
1063 932 1169 971 3-4
1213 934 1417 986 plicatum.
1451 933 1687 975 Clausilium

249 1004 363 1057 apice
391 1002 688 1041 obtusissimam
705 1030 714 1048 ,
737 1001 948 1053 integrum.

302 1088 527 1122 OBSERVATIO.
556 1079 716 1132 Species
752 1079 845 1116 huic
883 1078 1009 1116 affinis
1039 1085 1098 1116 est
1132 1078 1323 1118 Clausilia
1354 1081 1512 1133 gracilis
1546 1080 1685 1136 Pfeiff.

246 1146 467 1187 columellae
497 1146 665 1184 lamellis
695 1145 901 1193 obsoletis,
927 1144 1174 1184 anfractibus
1207 1147 1444 1200 plerumque
1477 1148 1686 1199 undecim3

246 1215 380 1254 forsan
406 1227 517 1252 mera
546 1214 728 1253 varietas.

301 1300 498 1333 HAmuno.
533 1291 643 1330 Inter
678 1305 834 1330 muscos
867 1297 906 1330 et
938 1292 1120 1344 gramina
1150 1293 1201 1331 ad
1234 1292 1378 1346 pedem
1419 1307 1625 1333 murorum
1660 1309 1684 1334 a

241 1359 360 1413 junio
392 1358 443 1397 ad
476 1357 745 1411 septembrem
778 1357 888 1396 haud
918 1358 1162 1411 infrequens.

723 1467 828 1502 GEN.
860 1467 894 1500 7.
927 1467 1062 1501 PUPA.
1093 1467 1212 1514 Drap.

312 1544 444 1577 Bulimi
471 1555 564 1589 spec.
593 1541 710 1587 Bruy.
737 1539 903 1573 Turbinis
934 1551 985 1584 sp.
1022 1538 1109 1572 Le'n.
1142 1539 1275 1573 lIclicis
1305 1552 1357 1585 sp.
1384 1540 1489 1575 Mull.
1523 1541 1604 1576 Fer.

302 1651 464 1690 Animal
503 1656 807 1704 streptosomate
847 1651 1127 1704 cylindraceo,
1165 1651 1377 1689 tentaculis
1411 1651 1682 1704 superioribus

246 1733 271 1758 a
294 1732 334 1757 se
366 1718 536 1757 invicem
555 1716 668 1756 valde
688 1717 849 1756 remotis
863 1748 876 1765 ,
911 1717 1165 1756 inferioribus
1198 1717 1455 1767 brevissimis,
1478 1718 1681 1758 interdum

246 1783 591 1839 punctiformibus.
627 1782 801 1836 Reliqua
823 1783 1084 1836 probabiliter
1112 1790 1156 1823 ut
1181 1784 1223 1822 in
1257 1783 1427 1823 Bulimo.

299 1895 417 1934 Testa
444 1896 533 1950 plus
563 1896 742 1935 minusve
769 1895 907 1934 conica
938 1895 1000 1933 vel
1031 1892 1276 1947 cylindrica,
1292 1904 1419 1945 prope
1445 1896 1678 1943 aperturam

243 1969 474 2016 anqustata,
500 1963 723 2010 dextrorsa,
752 1977 843 2001 raro
863 1962 1105 2009 sinistrorsa‚
1136 1961 1248 2014 apice
1277 1959 1429 1998 obtuso.
1460 1958 1677 1997 Anfractus

238 2028 322 2068 fere
349 2030 546 2082 aequales,
572 2030 694 2084 pressi
716 2044 725 2069 ε
748 2029 920 2083 inferior
935 2028 1160 2082 penultimo
1184 2027 1325 2066 minor.
1355 2026 1556 2079 Apertura
1578 2024 1675 2064 semi

238 2102 373 2144 ovata,
403 2102 534 2146 recta,
568 2097 805 2151 plerumque
838 2097 1012 2136 dentata.
1042 2095 1260 2134 Peristoma
1292 2091 1501 2132 columella
1527 2091 1675 2146 plicata

240 2161 497 2217 disjunctum.
