2027 2701
870 242 1141 281 anomcm.
1670 242 1722 282 35

341 358 460 397 Testa
477 358 680 412 perforata
703 360 764 399 vel
780 359 1058 412 imperforata,
1074 358 1242 412 oblonqa
1261 358 1323 397 vel
1338 357 1584 405 subturrita,
1595 370 1723 411 prope

284 431 516 478 aperturam
531 426 747 479 ampliata,
763 425 878 478 apice
900 425 1049 464 obtuso.
1072 425 1288 464 Aufractus
1305 424 1506 463 convoluti
1525 439 1532 462 2
1555 423 1722 477 inferior

277 493 503 545 penultimo
518 493 658 544 major.
679 492 880 546 Apertura
894 492 1193 546 longitudinalis
1211 492 1386 532 ovoidea.
1405 491 1626 530 Peristoma
1642 490 1722 529 clis-

274 559 489 612 junctum,
512 574 604 598 cum
627 560 841 600 columella
861 567 988 610 recta,
1011 575 1092 599 non
1115 567 1253 610 acuta,
1275 573 1356 598 sese
1378 557 1613 612 inflectendo
1628 572 1723 597 con-

283 625 422 665 fluens.

583 736 595 748 *
616 736 734 776 Testa
746 740 964 790 perforata
992 735 1094 777 Gen.
1117 736 1297 775 Bulimus
1312 735 1425 789 Jeffr.

339 851 403 891 38.
428 851 498 891 Β...
519 851 718 892 ΒΑΒΙΑΤυὸ
737 853 865 906 Drap.
882 852 979 892 Icon
994 851 1133 891 Sturm
1147 851 1184 891 4.
1209 850 1301 905 hest.
1322 851 1399 891 tab.
1424 850 1483 891 13.
1499 854 1569 906 fiq.
1592 866 1624 890 c.

336 939 457 973 SrNox.
480 930 602 970 Helix
624 932 769 971 detrita
790 931 906 970 Mull.
931 931 978 970 H.
1001 931 1154 985 sepium
1179 930 1304 970 Gmel.

337 1018 497 1051 Euenos,
520 1011 561 1050 Β.
582 1018 684 1050 testa
707 1018 840 1059 ovata,
871 1011 983 1059 alba,
1005 1011 1134 1064 strigis
1151 1009 1508 1063 longitudinalibus
1525 1009 1723 1048 obscurio—

282 1077 412 1126 ribus,
431 1078 636 1126 obsoletis3
659 1084 851 1131 apertura
871 1078 1061 1130 oblonga3
1088 1078 1345 1130 peristomate
1376 1077 1611 1130 marginato.

339 1163 550 1197 Dssscmpno.
574 1155 755 1204 Incola,«
770 1156 989 1195 lateraliter
1004 1155 1233 1206 flavescens,
1251 1157 1434 1210 pallidus,
1453 1163 1723 1210 transparens,

285 1224 400 1262 dorso
420 1224 658 1275 nigrescens.
690 1224 912 1262 Tcntacula
929 1223 1169 1276 cylindrica‚
1199 1223 1383 1275 gracilia,
1407 1237 1487 1261 non
1509 1223 1726 1262 admodum

284 1290 403 1342 longa
421 1305 428 1327 z
448 1289 637 1328 inferiora
652 1290 846 1329 breviora.
866 1290 987 1343 Drap.
1004 1306 1020 1325 »
1044 1289 1162 1328 Testa
1186 1289 1236 1327 18
1253 1289 1347 1328 mill.
1372 1289 1509 1343 longa,
1528 1288 1551 1329 7
1564 1291 1605 1338 ¹s2
1623 1290 1704 1329 alta
1716 1319 1725 1337 ⁷

284 1355 311 1394 8
326 1369 458 1393 crassa
470 1385 478 1403 ⁷
496 1356 655 1409 glabra,
679 1357 820 1410 polita⁷
842 1356 1109 1395 solidiuscula.
1136 1354 1353 1394 Anfractus
1369 1364 1521 1410 septem
1540 1357 1725 1406 convexi,

284 1429 505 1462 transverse
522 1423 775 1477 inaequaliter
791 1424 930 1462 striati.
949 1422 1151 1476 Apertura
1167 1437 1339 1476 superne
1357 1431 1581 1476 angustata.
1603 1424 1725 1462 Peris-

283 1496 391 1529 toma
412 1504 545 1529 versus
569 1492 822 1530 columellam
852 1490 1055 1543 paulisper
1082 1487 1275 1528 reflexum
1299 1496 1339 1528 et
1356 1490 1537 1530 foramen
1558 1491 1723 1530 umbili-

287 1558 393 1605 cale,
415 1558 547 1606 ovale,
570 1559 666 1597 semi
692 1558 896 1610 obtegens.

340 1645 560 1679 Oesmvnm.
584 1637 816 1676 Secundum
851 1643 1037 1676 autorum
1070 1637 1374 1690 descriptiones,
1398 1644 1520 1690 atque
1550 1639 1728 1678 testanti-

286 1703 360 1742 bus
377 1704 660 1758 speciminibus
675 1719 723 1742 ex
739 1703 871 1742 Gallia
887 1704 1051 1742 australi
1069 1703 1415 1757 provenientibus,
1433 1704 1565 1757 strigae
1581 1706 1728 1759 saepius

285 1785 365 1810 non
383 1771 605 1811 obliteratae
628 1772 697 1811 sed
713 1786 736 1811 a
760 1771 933 1811 candido
953 1777 1064 1810 testae
1088 1771 1222 1810 colore
1241 1770 1410 1825 pulchre
1431 1771 1703 1812 discordantes
1717 1803 1726 1821 ⁷

285 1844 404 1891 atque
438 1839 659 1893 pellucidae.

342 1924 537 1959 Hammo.
561 1918 773 1972 Specimen
787 1917 953 1956 unicum
968 1917 1180 1958 rarissimae
1200 1917 1321 1972 hujus
1337 1919 1504 1972 speciei,
1518 1919 1626 1973 quod
1643 1934 1727 1960 sese

284 1985 388 2022 inter
417 1986 520 2024 viam
546 2000 639 2039 quae
669 1986 762 2024 inde
792 2000 815 2024 a
835 1985 1030 2024 Bruxellis
1051 1986 1102 2024 ad
1132 2000 1279 2040 pagum
1300 1986 1506 2026 Waterloo
1523 1987 1652 2038 ducit,
1672 2002 1726 2027 se-

284 2051 363 2090 mel
382 2050 546 2101 obtulit,
568 2059 792 2092 asservatur
811 2052 854 2090 in
879 2067 1017 2092 museo
1034 2052 1091 2092 Cl.
1113 2052 1279 2093 Profess.
1299 2052 1460 2093 Vander
1482 2054 1638 2094 Linden
1658 2056 1728 2109 qui

281 2118 382 2157 illud
403 2119 521 2166 mihi,
541 2120 591 2158 ad
607 2134 726 2173 supra
743 2120 879 2159 datam
892 2120 1200 2174 descriptionem
1215 2121 1554 2172 concinnandum,
1572 2123 1620 2161 ea
1637 2136 1731 2176 quae

285 2199 357 2225 sua
380 2192 439 2226 est
465 2185 767 2237 benevolentia,
788 2187 1111 2228 communicavit.
