<?xml version="1.0" encoding="UTF-8"?>
<!DOCTYPE html PUBLIC "-//W3C//DTD XHTML 1.0 Transitional//EN"
    "http://www.w3.org/TR/xhtml1/DTD/xhtml1-transitional.dtd">
<html xmlns="http://www.w3.org/1999/xhtml" xml:lang="en" lang="en">
 <head>
  <title>
</title>
<meta http-equiv="Content-Type" content="text/html;charset=utf-8" />
  <meta name='ocr-system' content='tesseract 3.04.00' />
  <meta name='ocr-capabilities' content='ocr_page ocr_carea ocr_par ocr_line ocrx_word'/>
</head>
<body>
  <div class='ocr_page' id='page_1' title='image "./specimeninaugura00kick_0076.png"; bbox 0 0 2027 2701; ppageno 0'>
   <div class='ocr_carea' id='block_1_1' title="bbox 261 228 1128 270">
    <p class='ocr_par' dir='ltr' id='par_1_1' title="bbox 261 228 1128 270">
     <span class='ocr_line' id='line_1_1' title="bbox 261 228 1128 270; baseline 0 -2"><span class='ocrx_word' id='word_1_1' title='bbox 261 228 317 268; x_wconf 78' lang='lat'>58</span> <span class='ocrx_word' id='word_1_2' title='bbox 854 231 1128 270; x_wconf 73' lang='lat' dir='ltr'>GASTEROPODA</span> 
     </span>
    </p>
   </div>
   <div class='ocr_carea' id='block_1_2' title="bbox 266 336 1713 644">
    <p class='ocr_par' dir='ltr' id='par_1_2' title="bbox 266 336 1712 523">
     <span class='ocr_line' id='line_1_2' title="bbox 321 336 1712 395; baseline 0.002 -16"><span class='ocrx_word' id='word_1_3' title='bbox 321 345 546 379; x_wconf 68' lang='lat' dir='ltr'>OBsvano.</span> <span class='ocrx_word' id='word_1_4' title='bbox 565 338 687 376; x_wconf 80' lang='lat' dir='ltr'>Juxta</span> <span class='ocrx_word' id='word_1_5' title='bbox 701 336 916 375; x_wconf 89' lang='lat' dir='ltr'>Mullerum</span> <span class='ocrx_word' id='word_1_6' title='bbox 935 337 1285 391; x_wconf 78' lang='lat' dir='ltr'>appropinquante</span> <span class='ocrx_word' id='word_1_7' title='bbox 1305 337 1438 377; x_wconf 88' lang='lat' dir='ltr'>hieme</span> <span class='ocrx_word' id='word_1_8' title='bbox 1458 338 1545 379; x_wconf 84' lang='lat' dir='ltr'>haec</span> <span class='ocrx_word' id='word_1_9' title='bbox 1562 343 1712 395; x_wconf 87' lang='lat' dir='ltr'>species</span> 
     </span>
     <span class='ocr_line' id='line_1_3' title="bbox 267 404 1712 459; baseline 0.003 -15"><span class='ocrx_word' id='word_1_10' title='bbox 267 419 373 459; x_wconf 91' lang='lat' dir='ltr'>aqua</span> <span class='ocrx_word' id='word_1_11' title='bbox 399 405 539 452; x_wconf 81' lang='lat' dir='ltr'>exiret,</span> <span class='ocrx_word' id='word_1_12' title='bbox 575 410 818 456; x_wconf 82' lang='lat' dir='ltr'>truncosque</span> <span class='ocrx_word' id='word_1_13' title='bbox 859 410 899 441; x_wconf 87' lang='lat' dir='ltr'>et</span> <span class='ocrx_word' id='word_1_14' title='bbox 932 417 1063 443; x_wconf 89' lang='lat' dir='ltr'>ramos</span> <span class='ocrx_word' id='word_1_15' title='bbox 1093 404 1280 444; x_wconf 80' lang='lat' dir='ltr'>arborum</span> <span class='ocrx_word' id='word_1_16' title='bbox 1314 405 1536 446; x_wconf 86' lang='lat' dir='ltr'>vicinarum</span> <span class='ocrx_word' id='word_1_17' title='bbox 1570 423 1712 448; x_wconf 85' lang='lat' dir='ltr'>ascen—</span> 
     </span>
     <span class='ocr_line' id='line_1_4' title="bbox 266 469 966 523; baseline -0.003 -12"><span class='ocrx_word' id='word_1_18' title='bbox 266 472 379 511; x_wconf 81' lang='lat' dir='ltr'><strong>deret</strong></span> <span class='ocrx_word' id='word_1_19' title='bbox 400 487 408 510; x_wconf 88' lang='lat'><strong>:</strong></span> <span class='ocrx_word' id='word_1_20' title='bbox 432 471 539 509; x_wconf 88' lang='lat' dir='ltr'>unde</span> <span class='ocrx_word' id='word_1_21' title='bbox 559 483 706 508; x_wconf 88' lang='lat' dir='ltr'>nomen</span> <span class='ocrx_word' id='word_1_22' title='bbox 724 469 966 523; x_wconf 85' lang='lat' dir='ltr'>specificum.</span> 
     </span>
    </p>

    <p class='ocr_par' dir='ltr' id='par_1_3' title="bbox 267 535 1713 644">
     <span class='ocr_line' id='line_1_5' title="bbox 324 535 1713 595; baseline 0.001 -16"><span class='ocrx_word' id='word_1_23' title='bbox 324 546 523 579; x_wconf 31' lang='lat' dir='ltr'>Himmno.</span> <span class='ocrx_word' id='word_1_24' title='bbox 559 535 607 574; x_wconf 89' lang='lat' dir='ltr'>In</span> <span class='ocrx_word' id='word_1_25' title='bbox 635 535 764 575; x_wconf 91' lang='lat' dir='ltr'>rivulo</span> <span class='ocrx_word' id='word_1_26' title='bbox 789 536 938 585; x_wconf 82' lang='lat' dir='ltr'>Voera‚</span> <span class='ocrx_word' id='word_1_27' title='bbox 956 537 1061 577; x_wconf 88' lang='lat' dir='ltr'>inter</span> <span class='ocrx_word' id='word_1_28' title='bbox 1081 537 1271 592; x_wconf 77' lang='lat' dir='ltr'>Leefdael</span> <span class='ocrx_word' id='word_1_29' title='bbox 1289 545 1329 578; x_wconf 92' lang='lat' dir='ltr'>et</span> <span class='ocrx_word' id='word_1_30' title='bbox 1358 539 1548 587; x_wconf 78' lang='lat' dir='ltr'>Vossum,</span> <span class='ocrx_word' id='word_1_31' title='bbox 1570 541 1713 595; x_wconf 86' lang='lat' dir='ltr'>reperi.</span> 
     </span>
     <span class='ocr_line' id='line_1_6' title="bbox 267 604 609 644; baseline -0.009 0"><span class='ocrx_word' id='word_1_32' title='bbox 267 605 354 644; x_wconf 87' lang='lat' dir='ltr'>Non</span> <span class='ocrx_word' id='word_1_33' title='bbox 373 604 609 643; x_wconf 88' lang='lat' dir='ltr'>communis.</span> 
     </span>
    </p>
   </div>
   <div class='ocr_carea' id='block_1_3' title="bbox 381 717 1606 840">
    <p class='ocr_par' dir='ltr' id='par_1_4' title="bbox 381 717 1606 840">
     <span class='ocr_line' id='line_1_7' title="bbox 381 717 1606 773; baseline 0.002 -17"><span class='ocrx_word' id='word_1_34' title='bbox 381 718 394 731; x_wconf 66' lang='lat'><strong><em>⁴</em></strong></span> <span class='ocrx_word' id='word_1_35' title='bbox 407 717 420 731; x_wconf 69' lang='lat'>*</span> <span class='ocrx_word' id='word_1_36' title='bbox 438 717 645 771; x_wconf 74' lang='lat' dir='ltr'>Apertum</span> <span class='ocrx_word' id='word_1_37' title='bbox 663 717 845 758; x_wconf 68' lang='lat' dir='ltr'>dimidiae</span> <span class='ocrx_word' id='word_1_38' title='bbox 871 725 981 758; x_wconf 55' lang='grc' dir='ltr'>ἰθείας</span> <span class='ocrx_word' id='word_1_39' title='bbox 1000 718 1173 773; x_wconf 65' lang='lat' dir='ltr'>(equali,</span> <span class='ocrx_word' id='word_1_40' title='bbox 1194 718 1257 758; x_wconf 80' lang='lat' dir='ltr'>vel</span> <span class='ocrx_word' id='word_1_41' title='bbox 1277 718 1451 758; x_wconf 77' lang='lat' dir='ltr'>breviori</span> <span class='ocrx_word' id='word_1_42' title='bbox 1457 733 1471 768; x_wconf 82' lang='lat'>,·</span> <span class='ocrx_word' id='word_1_43' title='bbox 1493 719 1606 772; x_wconf 75' lang='lat' dir='ltr'>spira</span> 
     </span>
     <span class='ocr_line' id='line_1_8' title="bbox 775 785 1206 840; baseline 0.002 -16"><span class='ocrx_word' id='word_1_44' title='bbox 775 785 954 840; x_wconf 69' lang='lat' dir='ltr'>elonqato</span> <span class='ocrx_word' id='word_1_45' title='bbox 972 809 990 816; x_wconf 96' lang='lat'>-</span> <span class='ocrx_word' id='word_1_46' title='bbox 1005 785 1206 825; x_wconf 74' lang='lat' dir='ltr'>subulam.</span> 
     </span>
    </p>
   </div>
   <div class='ocr_carea' id='block_1_4' title="bbox 324 894 1719 1031">
    <p class='ocr_par' dir='ltr' id='par_1_5' title="bbox 324 894 1719 1031">
     <span class='ocr_line' id='line_1_9' title="bbox 327 894 1522 954; baseline 0.002 -18"><span class='ocrx_word' id='word_1_47' title='bbox 327 894 392 937; x_wconf 87' lang='lat'>71.</span> <span class='ocrx_word' id='word_1_48' title='bbox 411 895 481 934; x_wconf 91' lang='lat' dir='ltr'><strong>L...</strong></span> <span class='ocrx_word' id='word_1_49' title='bbox 500 895 724 937; x_wconf 73' lang='lat' dir='ltr'><strong>STAGNALIS.</strong></span> <span class='ocrx_word' id='word_1_50' title='bbox 746 897 824 937; x_wconf 75' lang='lat' dir='ltr'>Dr,</span> <span class='ocrx_word' id='word_1_51' title='bbox 842 898 940 937; x_wconf 87' lang='lat' dir='ltr'>Icon</span> <span class='ocrx_word' id='word_1_52' title='bbox 965 899 1093 954; x_wconf 78' lang='lat' dir='ltr'>Drap.</span> <span class='ocrx_word' id='word_1_53' title='bbox 1120 898 1199 938; x_wconf 80' lang='lat' dir='ltr'>tab.</span> <span class='ocrx_word' id='word_1_54' title='bbox 1222 899 1260 938; x_wconf 87' lang='grc'>2.</span> <span class='ocrx_word' id='word_1_55' title='bbox 1281 901 1348 953; x_wconf 76' lang='lat' dir='ltr'>fiq.</span> <span class='ocrx_word' id='word_1_56' title='bbox 1372 898 1437 939; x_wconf 83' lang='grc'>38.</span> <span class='ocrx_word' id='word_1_57' title='bbox 1457 897 1522 938; x_wconf 83' lang='grc'>39.</span> 
     </span>
     <span class='ocr_line' id='line_1_10' title="bbox 324 975 1719 1031; baseline 0.001 -15"><span class='ocrx_word' id='word_1_58' title='bbox 324 982 447 1016; x_wconf 79' lang='lat' dir='ltr'>SYNON.</span> <span class='ocrx_word' id='word_1_59' title='bbox 476 975 593 1015; x_wconf 81' lang='lat' dir='ltr'>Helix</span> <span class='ocrx_word' id='word_1_60' title='bbox 622 978 811 1031; x_wconf 83' lang='lat' dir='ltr'>stagualis</span> <span class='ocrx_word' id='word_1_61' title='bbox 844 977 935 1017; x_wconf 72' lang='lat' dir='ltr'>Lm.</span> <span class='ocrx_word' id='word_1_62' title='bbox 973 978 1029 1017; x_wconf 79' lang='lat' dir='ltr'>ed.</span> <span class='ocrx_word' id='word_1_63' title='bbox 1053 978 1148 1027; x_wconf 78' lang='lat' dir='ltr'>XII,</span> <span class='ocrx_word' id='word_1_64' title='bbox 1170 977 1233 1017; x_wconf 79' lang='lat' dir='ltr'>No</span> <span class='ocrx_word' id='word_1_65' title='bbox 1262 978 1343 1020; x_wconf 81' lang='lat'>703</span> <span class='ocrx_word' id='word_1_66' title='bbox 1365 993 1440 1018; x_wconf 88' lang='lat' dir='ltr'>nec</span> <span class='ocrx_word' id='word_1_67' title='bbox 1461 977 1554 1020; x_wconf 85' lang='grc'><strong>697.</strong></span> <span class='ocrx_word' id='word_1_68' title='bbox 1577 977 1719 1019; x_wconf 86' lang='lat' dir='ltr'>Bucci-</span> 
     </span>
    </p>
   </div>
   <div class='ocr_carea' id='block_1_5' title="bbox 270 1044 1247 1099">
    <p class='ocr_par' dir='ltr' id='par_1_6' title="bbox 270 1044 1247 1099">
     <span class='ocr_line' id='line_1_11' title="bbox 270 1044 1247 1099; baseline 0.004 -18"><span class='ocrx_word' id='word_1_69' title='bbox 270 1058 368 1082; x_wconf 89' lang='lat' dir='ltr'>num</span> <span class='ocrx_word' id='word_1_70' title='bbox 406 1045 586 1096; x_wconf 82' lang='lat' dir='ltr'>stagnale</span> <span class='ocrx_word' id='word_1_71' title='bbox 617 1044 736 1084; x_wconf 72' lang='lat' dir='ltr'><em>Mull.</em></span> <span class='ocrx_word' id='word_1_72' title='bbox 758 1045 949 1084; x_wconf 82' lang='lat' dir='ltr'>Limneus</span> <span class='ocrx_word' id='word_1_73' title='bbox 978 1045 1106 1099; x_wconf 85' lang='lat' dir='ltr'>major</span> <span class='ocrx_word' id='word_1_74' title='bbox 1133 1046 1247 1099; x_wconf 78' lang='lat' dir='ltr'>Jeffr.</span> 
     </span>
    </p>
   </div>
   <div class='ocr_carea' id='block_1_6' title="bbox 270 1121 1724 1831">
    <p class='ocr_par' dir='ltr' id='par_1_7' title="bbox 272 1121 1720 1310">
     <span class='ocr_line' id='line_1_12' title="bbox 326 1121 1720 1178; baseline 0.001 -16"><span class='ocrx_word' id='word_1_75' title='bbox 326 1128 490 1163; x_wconf 79' lang='lat' dir='ltr'><strong>DIAGNOS.</strong></span> <span class='ocrx_word' id='word_1_76' title='bbox 512 1121 556 1160; x_wconf 92' lang='lat' dir='ltr'>L.</span> <span class='ocrx_word' id='word_1_77' title='bbox 583 1129 686 1162; x_wconf 86' lang='lat' dir='ltr'>testa</span> <span class='ocrx_word' id='word_1_78' title='bbox 702 1123 1046 1171; x_wconf 65' lang='lat' dir='ltr'>ovato-subulam,</span> <span class='ocrx_word' id='word_1_79' title='bbox 1068 1122 1330 1172; x_wconf 83' lang='lat' dir='ltr'>flavescente,</span> <span class='ocrx_word' id='word_1_80' title='bbox 1352 1124 1612 1178; x_wconf 82' lang='lat' dir='ltr'>imperforata</span> <span class='ocrx_word' id='word_1_81' title='bbox 1621 1137 1629 1173; x_wconf 83' lang='lat'><em>3</em></span> <span class='ocrx_word' id='word_1_82' title='bbox 1648 1138 1720 1163; x_wconf 87' lang='lat' dir='ltr'>an-</span> 
     </span>
     <span class='ocr_line' id='line_1_13' title="bbox 272 1190 1719 1245; baseline 0.002 -18"><span class='ocrx_word' id='word_1_83' title='bbox 272 1190 403 1228; x_wconf 84' lang='lat' dir='ltr'>fractu</span> <span class='ocrx_word' id='word_1_84' title='bbox 423 1190 819 1240; x_wconf 73' lang='lat' dir='ltr'>ultim0,ventricoso;</span> <span class='ocrx_word' id='word_1_85' title='bbox 843 1196 1033 1244; x_wconf 80' lang='lat' dir='ltr'>apertura</span> <span class='ocrx_word' id='word_1_86' title='bbox 1049 1190 1222 1243; x_wconf 84' lang='lat' dir='ltr'>oblonga</span> <span class='ocrx_word' id='word_1_87' title='bbox 1234 1204 1242 1240; x_wconf 76' lang='lat'><em>3</em></span> <span class='ocrx_word' id='word_1_88' title='bbox 1259 1190 1516 1243; x_wconf 87' lang='lat' dir='ltr'>peristomate</span> <span class='ocrx_word' id='word_1_89' title='bbox 1536 1191 1719 1245; x_wconf 79' lang='lat' dir='ltr'>simplici,</span> 
     </span>
     <span class='ocr_line' id='line_1_14' title="bbox 274 1257 465 1310; baseline 0.005 -17"><span class='ocrx_word' id='word_1_90' title='bbox 274 1257 465 1310; x_wconf 85' lang='lat' dir='ltr'>repando.</span> 
     </span>
    </p>

    <p class='ocr_par' dir='ltr' id='par_1_8' title="bbox 270 1321 1724 1831">
     <span class='ocr_line' id='line_1_15' title="bbox 325 1321 1723 1377; baseline -0.001 -14"><span class='ocrx_word' id='word_1_91' title='bbox 325 1328 537 1363; x_wconf 65' lang='lat' dir='ltr'>Dsssmumo.</span> <span class='ocrx_word' id='word_1_92' title='bbox 560 1322 704 1362; x_wconf 73' lang='lat' dir='ltr'>Incola</span> <span class='ocrx_word' id='word_1_93' title='bbox 724 1337 833 1361; x_wconf 89' lang='lat' dir='ltr'>nunc</span> <span class='ocrx_word' id='word_1_94' title='bbox 855 1321 1301 1376; x_wconf 79' lang='lat' dir='ltr'>flavescente-griseus,</span> <span class='ocrx_word' id='word_1_95' title='bbox 1324 1323 1441 1362; x_wconf 85' lang='lat' dir='ltr'>dorso</span> <span class='ocrx_word' id='word_1_96' title='bbox 1461 1323 1645 1377; x_wconf 85' lang='lat' dir='ltr'>colloque</span> <span class='ocrx_word' id='word_1_97' title='bbox 1661 1323 1723 1363; x_wconf 89' lang='lat' dir='ltr'>in-</span> 
     </span>
     <span class='ocr_line' id='line_1_16' title="bbox 272 1389 1724 1444; baseline 0.001 -16"><span class='ocrx_word' id='word_1_98' title='bbox 272 1389 434 1429; x_wconf 85' lang='lat' dir='ltr'>fuseatis</span> <span class='ocrx_word' id='word_1_99' title='bbox 472 1397 512 1429; x_wconf 88' lang='lat' dir='ltr'>et</span> <span class='ocrx_word' id='word_1_100' title='bbox 549 1391 663 1443; x_wconf 79' lang='lat' dir='ltr'>nigro</span> <span class='ocrx_word' id='word_1_101' title='bbox 692 1391 914 1444; x_wconf 78' lang='lat' dir='ltr'>punctatis,</span> <span class='ocrx_word' id='word_1_102' title='bbox 946 1404 1055 1429; x_wconf 87' lang='lat' dir='ltr'>nunc</span> <span class='ocrx_word' id='word_1_103' title='bbox 1089 1390 1559 1430; x_wconf 85' lang='lat' dir='ltr'>viridescente-albidus</span> <span class='ocrx_word' id='word_1_104' title='bbox 1589 1390 1724 1429; x_wconf 87' lang='lat' dir='ltr'>ocellis</span> 
     </span>
     <span class='ocr_line' id='line_1_17' title="bbox 272 1456 1722 1511; baseline 0.001 -16"><span class='ocrx_word' id='word_1_105' title='bbox 272 1456 392 1495; x_wconf 79' lang='lat' dir='ltr'>fuscis</span> <span class='ocrx_word' id='word_1_106' title='bbox 419 1457 576 1510; x_wconf 82' lang='lat' dir='ltr'>sparsis.</span> <span class='ocrx_word' id='word_1_107' title='bbox 608 1457 728 1495; x_wconf 79' lang='lat' dir='ltr'>Testa</span> <span class='ocrx_word' id='word_1_108' title='bbox 748 1456 802 1494; x_wconf 83' lang='grc'>42</span> <span class='ocrx_word' id='word_1_109' title='bbox 823 1458 918 1495; x_wconf 87' lang='lat' dir='ltr'>mill.</span> <span class='ocrx_word' id='word_1_110' title='bbox 942 1457 1081 1509; x_wconf 79' lang='lat' dir='ltr'>longa,</span> <span class='ocrx_word' id='word_1_111' title='bbox 1104 1457 1152 1496; x_wconf 80' lang='lat'>16</span> <span class='ocrx_word' id='word_1_112' title='bbox 1173 1457 1275 1505; x_wconf 68' lang='lat' dir='ltr'>alta,</span> <span class='ocrx_word' id='word_1_113' title='bbox 1296 1457 1352 1496; x_wconf 82' lang='lat'>22</span> <span class='ocrx_word' id='word_1_114' title='bbox 1366 1471 1522 1506; x_wconf 77' lang='lat' dir='ltr'>crassa,</span> <span class='ocrx_word' id='word_1_115' title='bbox 1545 1457 1696 1511; x_wconf 84' lang='lat' dir='ltr'>fragilis</span> <span class='ocrx_word' id='word_1_116' title='bbox 1713 1489 1722 1507; x_wconf 83' lang='grc'>,</span> 
     </span>
     <span class='ocr_line' id='line_1_18' title="bbox 272 1523 1724 1580; baseline 0.001 -18"><span class='ocrx_word' id='word_1_117' title='bbox 272 1524 625 1577; x_wconf 78' lang='lat' dir='ltr'>pellucida‚omni</span> <span class='ocrx_word' id='word_1_118' title='bbox 657 1524 817 1577; x_wconf 78' lang='lat' dir='ltr'>pictura</span> <span class='ocrx_word' id='word_1_119' title='bbox 847 1538 1008 1573; x_wconf 75' lang='lat' dir='ltr'>carens,</span> <span class='ocrx_word' id='word_1_120' title='bbox 1038 1523 1107 1562; x_wconf 88' lang='lat' dir='ltr'>sed</span> <span class='ocrx_word' id='word_1_121' title='bbox 1127 1525 1260 1562; x_wconf 86' lang='lat' dir='ltr'>colore</span> <span class='ocrx_word' id='word_1_122' title='bbox 1289 1525 1448 1564; x_wconf 81' lang='lat' dir='ltr'>varians</span> <span class='ocrx_word' id='word_1_123' title='bbox 1478 1526 1567 1580; x_wconf 90' lang='lat' dir='ltr'>plus</span> <span class='ocrx_word' id='word_1_124' title='bbox 1582 1525 1724 1564; x_wconf 65' lang='lat' dir='ltr'>&#39;minus</span> 
     </span>
     <span class='ocr_line' id='line_1_19' title="bbox 272 1589 1724 1645; baseline 0.001 -16"><span class='ocrx_word' id='word_1_125' title='bbox 272 1591 443 1644; x_wconf 89' lang='lat' dir='ltr'>pallido,</span> <span class='ocrx_word' id='word_1_126' title='bbox 465 1591 570 1630; x_wconf 89' lang='lat' dir='ltr'>striis</span> <span class='ocrx_word' id='word_1_127' title='bbox 599 1591 869 1644; x_wconf 83' lang='lat' dir='ltr'>inaequalibus</span> <span class='ocrx_word' id='word_1_128' title='bbox 899 1597 1074 1630; x_wconf 82' lang='lat' dir='ltr'>exarata.</span> <span class='ocrx_word' id='word_1_129' title='bbox 1096 1589 1314 1629; x_wconf 82' lang='lat' dir='ltr'>Anfractus</span> <span class='ocrx_word' id='word_1_130' title='bbox 1335 1598 1506 1644; x_wconf 80' lang='lat' dir='ltr'>septem,</span> <span class='ocrx_word' id='word_1_131' title='bbox 1525 1591 1724 1645; x_wconf 85' lang='lat' dir='ltr'>prioribus</span> 
     </span>
     <span class='ocr_line' id='line_1_20' title="bbox 270 1657 1721 1711; baseline 0 -15"><span class='ocrx_word' id='word_1_132' title='bbox 270 1672 337 1696; x_wconf 83' lang='lat' dir='ltr'>sex</span> <span class='ocrx_word' id='word_1_133' title='bbox 375 1657 594 1707; x_wconf 81' lang='lat' dir='ltr'>subulatis,</span> <span class='ocrx_word' id='word_1_134' title='bbox 634 1657 776 1695; x_wconf 89' lang='lat' dir='ltr'>ultimo</span> <span class='ocrx_word' id='word_1_135' title='bbox 802 1657 1026 1697; x_wconf 84' lang='lat' dir='ltr'>ventricoso</span> <span class='ocrx_word' id='word_1_136' title='bbox 1055 1657 1335 1711; x_wconf 85' lang='lat' dir='ltr'>subangulato.</span> <span class='ocrx_word' id='word_1_137' title='bbox 1369 1657 1485 1711; x_wconf 90' lang='lat' dir='ltr'>Spira</span> <span class='ocrx_word' id='word_1_138' title='bbox 1515 1658 1721 1697; x_wconf 87' lang='lat' dir='ltr'>dimidiam</span> 
     </span>
     <span class='ocr_line' id='line_1_21' title="bbox 273 1723 1722 1779; baseline -0.001 -15"><span class='ocrx_word' id='word_1_139' title='bbox 273 1731 416 1764; x_wconf 84' lang='lat' dir='ltr'>testam</span> <span class='ocrx_word' id='word_1_140' title='bbox 446 1731 646 1778; x_wconf 86' lang='lat' dir='ltr'>aequante.</span> <span class='ocrx_word' id='word_1_141' title='bbox 671 1723 875 1779; x_wconf 86' lang='lat' dir='ltr'>Apertura</span> <span class='ocrx_word' id='word_1_142' title='bbox 896 1724 950 1763; x_wconf 82' lang='lat'>23</span> <span class='ocrx_word' id='word_1_143' title='bbox 977 1724 1074 1763; x_wconf 85' lang='lat' dir='ltr'>mill.</span> <span class='ocrx_word' id='word_1_144' title='bbox 1101 1724 1202 1773; x_wconf 84' lang='lat' dir='ltr'>alta,</span> <span class='ocrx_word' id='word_1_145' title='bbox 1224 1723 1275 1762; x_wconf 88' lang='lat'>12</span> <span class='ocrx_word' id='word_1_146' title='bbox 1298 1724 1392 1763; x_wconf 89' lang='lat' dir='ltr'>lata.</span> <span class='ocrx_word' id='word_1_147' title='bbox 1409 1723 1606 1763; x_wconf 88' lang='lat' dir='ltr'>Foramen</span> <span class='ocrx_word' id='word_1_148' title='bbox 1630 1738 1722 1764; x_wconf 88' lang='lat' dir='ltr'>um·—</span> 
     </span>
     <span class='ocr_line' id='line_1_22' title="bbox 272 1792 630 1831; baseline 0 0"><span class='ocrx_word' id='word_1_149' title='bbox 272 1792 431 1831; x_wconf 85' lang='lat' dir='ltr'>bilicale</span> <span class='ocrx_word' id='word_1_150' title='bbox 461 1793 630 1831; x_wconf 88' lang='lat' dir='ltr'>nullum.</span> 
     </span>
    </p>
   </div>
   <div class='ocr_carea' id='block_1_7' title="bbox 270 1869 1723 2263">
    <p class='ocr_par' dir='ltr' id='par_1_9' title="bbox 270 1869 1723 2263">
     <span class='ocr_line' id='line_1_23' title="bbox 325 1869 1721 1926; baseline -0.004 -12"><span class='ocrx_word' id='word_1_151' title='bbox 325 1879 552 1914; x_wconf 66' lang='lat' dir='ltr'>OsssEnvmm.</span> <span class='ocrx_word' id='word_1_152' title='bbox 578 1871 642 1910; x_wconf 88' lang='lat' dir='ltr'>Ab</span> <span class='ocrx_word' id='word_1_153' title='bbox 666 1871 743 1910; x_wconf 88' lang='lat' dir='ltr'>hac</span> <span class='ocrx_word' id='word_1_154' title='bbox 768 1872 899 1926; x_wconf 86' lang='lat' dir='ltr'>specie</span> <span class='ocrx_word' id='word_1_155' title='bbox 922 1885 1004 1910; x_wconf 91' lang='lat' dir='ltr'>non</span> <span class='ocrx_word' id='word_1_156' title='bbox 1033 1871 1108 1910; x_wconf 88' lang='lat' dir='ltr'>nisi</span> <span class='ocrx_word' id='word_1_157' title='bbox 1131 1870 1286 1926; x_wconf 85' lang='lat' dir='ltr'>juniori</span> <span class='ocrx_word' id='word_1_158' title='bbox 1317 1877 1434 1910; x_wconf 84' lang='lat' dir='ltr'>aetate</span> <span class='ocrx_word' id='word_1_159' title='bbox 1451 1869 1582 1910; x_wconf 83' lang='lat' dir='ltr'>differt</span> <span class='ocrx_word' id='word_1_160' title='bbox 1606 1870 1721 1910; x_wconf 81' lang='lat' dir='ltr'>Helix</span> 
     </span>
     <span class='ocr_line' id='line_1_24' title="bbox 272 1938 1723 1993; baseline 0 -16"><span class='ocrx_word' id='word_1_161' title='bbox 272 1938 422 1993; x_wconf 86' lang='lat' dir='ltr'>fragilis</span> <span class='ocrx_word' id='word_1_162' title='bbox 443 1939 537 1978; x_wconf 70' lang='lat' dir='ltr'>Lm.</span> <span class='ocrx_word' id='word_1_163' title='bbox 558 1939 661 1991; x_wconf 85' lang='lat' dir='ltr'>(non</span> <span class='ocrx_word' id='word_1_164' title='bbox 683 1938 884 1992; x_wconf 86' lang='lat' dir='ltr'>Montag.)</span> <span class='ocrx_word' id='word_1_165' title='bbox 910 1953 1031 1992; x_wconf 84' lang='lat' dir='ltr'>quam</span> <span class='ocrx_word' id='word_1_166' title='bbox 1056 1953 1266 1992; x_wconf 87' lang='lat' dir='ltr'>perperam</span> <span class='ocrx_word' id='word_1_167' title='bbox 1294 1953 1366 1993; x_wconf 92' lang='lat' dir='ltr'>pro</span> <span class='ocrx_word' id='word_1_168' title='bbox 1394 1939 1587 1978; x_wconf 85' lang='lat' dir='ltr'>varietate</span> <span class='ocrx_word' id='word_1_169' title='bbox 1615 1938 1723 1977; x_wconf 85' lang='lat' dir='ltr'>Lim-</span> 
     </span>
     <span class='ocr_line' id='line_1_25' title="bbox 270 2005 1720 2061; baseline 0 -17"><span class='ocrx_word' id='word_1_170' title='bbox 270 2007 335 2044; x_wconf 88' lang='lat' dir='ltr'>nei</span> <span class='ocrx_word' id='word_1_171' title='bbox 365 2007 551 2061; x_wconf 88' lang='lat' dir='ltr'>palustris</span> <span class='ocrx_word' id='word_1_172' title='bbox 579 2006 732 2045; x_wconf 88' lang='lat' dir='ltr'>habent</span> <span class='ocrx_word' id='word_1_173' title='bbox 759 2006 1099 2060; x_wconf 82' lang='lat' dir='ltr'>Draparnaldius,</span> <span class='ocrx_word' id='word_1_174' title='bbox 1130 2006 1329 2045; x_wconf 81' lang='lat' dir='ltr'>Lamarck</span> <span class='ocrx_word' id='word_1_175' title='bbox 1359 2006 1519 2060; x_wconf 87' lang='lat' dir='ltr'>aliique.</span> <span class='ocrx_word' id='word_1_176' title='bbox 1541 2005 1720 2045; x_wconf 88' lang='lat' dir='ltr'>Incolam</span> 
     </span>
     <span class='ocr_line' id='line_1_26' title="bbox 270 2072 1720 2127; baseline 0 -16"><span class='ocrx_word' id='word_1_177' title='bbox 270 2072 425 2112; x_wconf 90' lang='lat' dir='ltr'>Limnei</span> <span class='ocrx_word' id='word_1_178' title='bbox 450 2074 640 2127; x_wconf 85' lang='lat' dir='ltr'>stagnalis</span> <span class='ocrx_word' id='word_1_179' title='bbox 682 2087 817 2112; x_wconf 87' lang='lat' dir='ltr'>mense</span> <span class='ocrx_word' id='word_1_180' title='bbox 849 2072 969 2127; x_wconf 86' lang='lat' dir='ltr'>junio</span> <span class='ocrx_word' id='word_1_181' title='bbox 999 2074 1040 2112; x_wconf 92' lang='lat' dir='ltr'>in</span> <span class='ocrx_word' id='word_1_182' title='bbox 1074 2073 1243 2127; x_wconf 90' lang='lat' dir='ltr'>Nepheli</span> <span class='ocrx_word' id='word_1_183' title='bbox 1275 2074 1429 2126; x_wconf 84' lang='lat' dir='ltr'>vulgari</span> <span class='ocrx_word' id='word_1_184' title='bbox 1460 2072 1566 2127; x_wconf 78' lang='lat' dir='ltr'><em>Moq.</em></span> <span class='ocrx_word' id='word_1_185' title='bbox 1605 2087 1720 2111; x_wconf 84' lang='lat' dir='ltr'>exsu-</span> 
     </span>
     <span class='ocr_line' id='line_1_27' title="bbox 270 2140 1721 2195; baseline -0.001 -16"><span class='ocrx_word' id='word_1_186' title='bbox 270 2141 400 2192; x_wconf 83' lang='lat' dir='ltr'>genda</span> <span class='ocrx_word' id='word_1_187' title='bbox 429 2142 543 2181; x_wconf 83' lang='lat' dir='ltr'>valde</span> <span class='ocrx_word' id='word_1_188' title='bbox 575 2148 817 2195; x_wconf 80' lang='lat' dir='ltr'>occupatum</span> <span class='ocrx_word' id='word_1_189' title='bbox 841 2141 1107 2194; x_wconf 82' lang='lat' dir='ltr'>deprehendi,</span> <span class='ocrx_word' id='word_1_190' title='bbox 1140 2142 1248 2194; x_wconf 90' lang='lat' dir='ltr'>quod</span> <span class='ocrx_word' id='word_1_191' title='bbox 1282 2141 1475 2180; x_wconf 75' lang='lat' dir='ltr'>Mulierus</span> <span class='ocrx_word' id='word_1_192' title='bbox 1499 2140 1588 2195; x_wconf 88' lang='lat' dir='ltr'>jam</span> <span class='ocrx_word' id='word_1_193' title='bbox 1621 2152 1721 2192; x_wconf 89' lang='lat' dir='ltr'>quo-</span> 
     </span>
     <span class='ocr_line' id='line_1_28' title="bbox 272 2205 1627 2263; baseline 0.001 -20"><span class='ocrx_word' id='word_1_194' title='bbox 272 2221 349 2259; x_wconf 82' lang='lat' dir='ltr'>quc</span> <span class='ocrx_word' id='word_1_195' title='bbox 370 2208 658 2250; x_wconf 82' lang='lat' dir='ltr'>observaverat.</span> <span class='ocrx_word' id='word_1_196' title='bbox 682 2209 723 2248; x_wconf 85' lang='lat' dir='ltr'>Si</span> <span class='ocrx_word' id='word_1_197' title='bbox 747 2208 821 2248; x_wconf 87' lang='lat' dir='ltr'>sub</span> <span class='ocrx_word' id='word_1_198' title='bbox 852 2223 959 2263; x_wconf 87' lang='lat' dir='ltr'>aqua</span> <span class='ocrx_word' id='word_1_199' title='bbox 980 2223 1142 2248; x_wconf 88' lang='lat' dir='ltr'>manere</span> <span class='ocrx_word' id='word_1_200' title='bbox 1167 2208 1344 2262; x_wconf 79' lang='lat' dir='ltr'>cogitur⁷</span> <span class='ocrx_word' id='word_1_201' title='bbox 1367 2207 1484 2247; x_wconf 86' lang='lat' dir='ltr'>facile</span> <span class='ocrx_word' id='word_1_202' title='bbox 1513 2205 1627 2260; x_wconf 86' lang='lat' dir='ltr'>perit.</span> 
     </span>
    </p>
   </div>
  </div>
 </body>
</html>
