2027 2701
1735 243 1755 267 v

308 357 471 396 vocibus
498 357 649 396 colores
681 355 995 411 exprimentibus
1025 356 1207 395 eamdem
1234 358 1386 411 ubique
1415 357 1600 397 tribuisse
1632 359 1753 412 signi-

309 423 537 463 ficationem
555 424 684 478 qualis
709 424 764 462 eis
786 438 808 462 a
829 423 887 462 Cl.
906 423 1165 462 Decandollio
1188 424 1382 476 (Theorie
1401 425 1514 463 elem.
1543 425 1591 463 de
1609 426 1749 464 Botan.

307 490 450 530 519—
467 492 571 543 526)
604 491 806 530 tribuitur.
839 490 915 529 Pro
940 491 1163 544 specierum
1187 498 1319 532 autem
1335 492 1634 532 'distributione
1666 493 1750 533 Cu-

306 558 459 596 vierum
490 572 577 596 sum
609 564 768 596 secutus
795 557 863 610 qui
900 558 1093 596 mollusca
1123 558 1319 598 hactenus
1349 561 1467 599 modo
1493 561 1660 599 faciliori
1696 562 1751 599 si-

307 624 471 677 mulque
501 631 660 663 naturae
693 625 818 677 inagis
857 631 1149 671 consentaneo,
1176 627 1408 666 distribuit:
1432 629 1482 667 ab
1512 643 1559 666 eo
1593 635 1750 667 tantum

305 689 448 729 deflexi
470 691 641 730 locando
662 691 713 729 ad
734 697 909 729 mentem
933 691 1153 730 Ferussacii
1174 693 1427 746 Cyclostoma
1444 695 1517 733 sub
1538 696 1750 748 pulmona-

303 758 403 807 ceis,
436 765 475 797 et
512 765 719 812 praeeunte
758 758 966 796 Blainville
998 757 1200 811 Ancylum
1238 760 1343 798 inter
1382 761 1747 810 scutibranehiata,

304 822 463 863 necnon
494 825 725 873 formando,
743 824 783 862 in
800 824 1026 872 ordinibus,
1044 824 1331 864 subdivisiones
1353 840 1447 879 quae
1463 842 1555 865 cum
1581 842 1750 867 numero

302 892 585 930 molluscorum
614 906 703 946 quae
735 891 999 930 describenda
1032 891 1259 941 habebam,
1296 893 1438 932 melius
1472 894 1745 933 convenirent.

300 957 363 997 Ad
380 974 529 1012 genera
549 974 642 999 vero
663 960 748 1013 ipsa
765 960 872 1013 quod
887 960 1050 1006 attinet,
1072 959 1113 998 in
1130 959 1239 998 hisce
1255 960 1493 999 definiendis
1510 962 1631 1000 duces
1651 977 1748 1015 pree-

299 1025 417 1077 cipue
437 1026 557 1078 selegi
579 1025 715 1078 Rang,
736 1027 944 1064 Blainville
961 1033 1001 1064 et
1021 1026 1221 1065 Lamarck
1237 1042 1335 1080 quos
1355 1027 1465 1066 haud
1481 1034 1618 1068 tamen
1645 1029 1746 1068 adeo

297 1105 431 1145 presse
449 1092 651 1130 insecutus
675 1107 762 1130 sum
779 1098 823 1130 ut
844 1106 924 1130 non
941 1093 1105 1146 passim,
1125 1094 1413 1147 comprobante
1430 1096 1605 1149 analysi,
1627 1109 1745 1149 quae—

298 1158 392 1197 dam
414 1159 627 1197 immutare
645 1159 863 1197 consultius
884 1159 1065 1197 duxerim
1085 1174 1092 1198 :
1113 1160 1366 1201 characteres
1388 1163 1593 1215 genericos
1610 1178 1745 1202 essen-

293 1225 410 1264 tiales
442 1226 584 1264 litteris
618 1226 788 1284 cursivis
814 1227 1001 1279 expressi.

350 1338 697 1392 Quantiscumque
718 1340 877 1378 dotibus
906 1341 1143 1393 opusculum
1169 1351 1327 1389 careat,
1360 1356 1475 1395 spero
1499 1342 1739 1381 nihilhomi-

295 1421 370 1445 nus
397 1407 481 1445 fore
508 1414 552 1446 ut
576 1421 657 1445 non
685 1408 805 1461 plane
825 1407 1015 1458 zoologiae
1042 1407 1241 1460 indigenae
1272 1408 1516 1457 cultoribus,
1547 1410 1739 1462 quoniam

295 1481 587 1514 antecessorem
604 1475 645 1513 in
662 1474 738 1513 hae
753 1489 796 1512 re
811 1474 968 1511 nullum
985 1473 1220 1523 habuerim,
1247 1474 1473 1528 displicebit
1495 1490 1502 1514 :
1525 1477 1623 1515 mihi
1646 1491 1739 1516 vero

295 1542 424 1581 suavis
441 1555 596 1594 semper
616 1541 690 1580 erit
705 1540 915 1589 horarum,
934 1555 1033 1594 quas
1049 1540 1143 1579 huic
1168 1541 1366 1595 impendi,
1388 1543 1625 1582 recordatio.
1649 1544 1741 1583 Scio

293 1609 480 1663 equidem
503 1621 610 1661 saepe
639 1607 753 1661 queri
775 1608 839 1646 cui
863 1607 970 1646 bono
995 1609 1279 1647 molluseorum
1310 1610 1486 1648 studium
1502 1608 1523 1648 ἓ)
1556 1610 1656 1658 Sed,
1688 1625 1739 1650 ne

289 1676 419 1715 dicam
450 1675 727 1714 incredibilem
759 1676 1005 1729 voluptatem
1031 1689 1153 1729 quam
1181 1691 1229 1715 ex
1261 1677 1455 1716 varietate
1486 1684 1525 1716 et
1549 1677 1734 1731 pulchri-

289 1743 428 1783 tudine
451 1750 572 1797 atque
594 1758 642 1782 ex
666 1743 933 1782 minutissima
948 1758 1052 1797 saepe
1072 1750 1111 1782 et
1132 1743 1389 1783 subtilissima
1410 1745 1584 1798 partium
1607 1752 1737 1785 struc-

289 1816 380 1849 tura
395 1810 481 1866 ejus
498 1811 787 1850 scrutatoribus
808 1818 955 1850 natura
971 1810 1120 1858 adfert,
1147 1812 1235 1865 quis
1255 1812 1382 1851 nescit
1398 1812 1596 1866 liquorem
1615 1814 1736 1867 vulgo

289 1884 558 1918 atramentum
574 1879 730 1918 sinense
746 1885 952 1927 vocatum,
977 1893 1216 1932 purpuram,
1242 1881 1498 1933 margaritas,
1527 1895 1551 1919 a
1572 1881 1737 1920 mollus-

291 1946 346 1984 ois
375 1947 562 1999 produci,
592 1947 775 1986 ambram
801 1947 973 2000 griseam
998 1947 1104 1985 intra
1130 1946 1384 1986 Balaenarum
1414 1949 1605 1988 intestina
1633 1949 1736 1988 mol-

287 2012 489 2052 luscorum
505 2014 842 2069 decompositione
862 2014 993 2062 nasci,
1014 2013 1179 2067 pinnam
1195 2029 1291 2053 nere
1307 2015 1470 2069 byssum
1485 2030 1583 2054 auro
1600 2016 1736 2070 splen-

288 2079 483 2119 didiorem
517 2095 566 2119 ex
600 2096 680 2134 quo
718 2082 760 2120 in
798 2081 934 2120 Sicilia
963 2087 1002 2119 et
1036 2080 1225 2120 Calabria
1259 2088 1450 2121 texuntur
1484 2083 1658 2122 manicae
1693 2090 1734 2122 et

284 2144 475 2186 tibialia?
505 2146 604 2198 Quis
642 2148 769 2187 nescit
795 2162 959 2187 carnem
993 2149 1161 2196 crudam
1194 2148 1375 2188 Chitonis
1414 2150 1611 2204 optimum
1645 2165 1732 2190 esse
