2027 2701
826 223 1095 264 anomcm.
1638 229 1693 269 29

253 340 619 373 commemorantur
641 334 870 379 varietates,
891 333 1017 371 altera
1043 347 1188 386 nempe
1204 334 1428 374 sinistrorsa
1444 335 1591 384 altera,
1609 351 1694 375 sea-

253 401 366 449 laris,
385 415 484 454 quas
508 402 720 439 alterutras
736 399 914 438 nondum
931 400 1111 439 vidimus.
1131 400 1188 438 De
1212 401 1439 455 embryonis
1461 402 1582 457 hujus
1603 418 1694 457 spc-

256 468 331 506 ciei
357 469 582 507 evolutione
604 467 777 506 conferri
800 473 976 505 merctur
1002 467 1060 506 Cl.
1082 467 1241 507 Pseiss'er
1271 468 1342 508 Ill.
1361 484 1448 524 pag.
1471 469 1534 510 69.
1554 470 1634 510 tab.
1656 470 1695 518 Ι;

247 534 414 589 juniora
431 534 496 573 hic
518 535 676 587 depicta
700 534 926 581 individua,
947 548 1040 588 quae
1067 550 1199 589 nuper
1231 537 1380 589 reperi,
1403 537 1454 574 ab
1472 544 1613 577 octava
1632 552 1698 576 us-

255 616 334 655 que
351 600 402 640 ad
422 600 476 641 72
496 602 623 640 aetatis
640 601 745 640 diem
762 601 878 639 facile
899 616 990 640 cum
1012 603 1220 655 speciebus
1239 604 1395 657 generis
1414 604 1583 643 Vitrinae
1595 636 1604 654 ,
1623 605 1698 644 nisi

256 667 454 706 obstraret
485 667 664 706 foramen
696 668 950 718 umbilicalc,
973 669 1329 710 confunderentur.

308 755 505 788 HAmumo.
520 747 804 800 vulgatissima
820 754 957 786 aestate
973 748 1024 786 ad
1042 749 1184 801 pedem
1201 749 1465 800 virgultorum
1482 749 1523 787 in
1540 749 1697 789 umbro-

255 815 326 864 sis,
346 821 385 854 et
404 814 581 868 sepibus,
601 814 671 852 ubi
693 814 867 853 incolam
891 814 1070 853 Lacertae
1087 814 1241 868 sepium
1256 813 1391 852 Daud.
1410 815 1591 868 praedam
1605 815 1696 854 vidi.

309 930 374 970 32.
395 930 473 969 H...
491 929 663 969 ASPERSA
682 930 775 969 Lm.
794 929 891 969 Icon
913 930 1093 985 Pseiffer.
1117 930 1187 969 III.
1215 930 1296 970 tab.
1316 930 1354 969 5.
1376 934 1444 984 [ῖς.
1463 930 1492 970 Ι.

310 1019 431 1052 Smom.
454 1010 501 1048 Π.
524 1010 723 1049 hortensis
747 1010 876 1049 Penn.
895 1010 994 1049 Mat.
1018 1025 1099 1049 non
1120 1010 1231 1049 Mull.

310 1097 474 1131 DtAcmos.
504 1088 551 1127 H.
587 1095 690 1127 testa
716 1089 992 1141 impersorata,
1016 1090 1248 1137 lutescenti,
1278 1088 1492 1128 flammulis
1513 1089 1632 1130 fuscis
1661 1092 1703 1130 in

257 1171 375 1196 zonas
413 1155 611 1211 dispositis
636 1155 864 1209 variegata,
896 1162 1086 1210 apertura
1116 1156 1301 1195 deorsum
1325 1157 1522 1211 producta
1556 1158 1700 1198 subro-

255 1224 402 1274 tunda3
429 1223 685 1278 peristomate
709 1221 879 1271 reflexo,
900 1223 1084 1262 candido.

313 1311 522 1343 DEscmmo.
556 1301 701 1341 Incola
731 1302 847 1341 dorso
876 1302 1288 1357 viridescenti-nigcr,
1320 1305 1422 1344 collo
1446 1305 1570 1345 fascia
1593 1306 1704 1346 lutea

257 1377 446 1419 ornatus,
472 1369 686 1408 tentaculis
715 1369 1041 1422 cinereo-nigris,
1075 1371 1176 1423 pede
1204 1371 1344 1423 griseo.
1382 1372 1502 1410 Testa
1529 1372 1583 1411 30
1606 1373 1702 1412 mill.

256 1438 392 1491 longa,
421 1435 469 1477 17
492 1437 593 1484 alta,
614 1435 669 1474 24
691 1450 844 1483 crassa,
875 1436 1088 1483 subovata,
1112 1437 1272 1489 punctis
1301 1437 1475 1476 minimis
1501 1439 1701 1492 rugosula.

257 1503 476 1543 Anfractus
493 1510 678 1557 quatuor,
695 1503 836 1541 ultimo
846 1502 1039 1548 maxime,
1057 1516 1167 1540 nunc
1183 1501 1209 1539 4
1225 1517 1333 1542 nunc
1349 1503 1570 1545 2-sasciato.
1588 1506 1706 1560 Spira

254 1570 407 1610 obtusa.
430 1570 632 1624 Apertura
649 1569 766 1608 altior
794 1583 917 1622 quam
946 1569 1051 1617 lata,
1075 1583 1232 1607 sursum
1255 1577 1480 1623 angustata.

312 1657 535 1692 Osssmzvnm.
558 1648 699 1687 Variat
713 1648 821 1702 apud
838 1662 909 1687 nos
931 1648 1024 1687 alba
1039 1647 1255 1687 flammulis
1274 1650 1482 1703 zonisque,
1504 1657 1550 1689 ut
1569 1666 1703 1706 supra,

259 1717 389 1757 fuscis.
415 1716 723 1756 Aberrationem
745 1717 939 1755 scalarem
960 1722 1000 1755 et
1016 1716 1282 1755 sinistrorsam
1299 1731 1460 1771 quoque
1481 1726 1705 1759 memorant

260 1785 507 1839 Malacologi.
524 1785 797 1839 Epiphragma
816 1784 1166 1845 appropinquante
1182 1784 1313 1824 hieme
1330 1799 1411 1824 non
1428 1785 1619 1836 fabricat,
1637 1788 1706 1827 sed

259 1867 343 1892 sese
367 1868 501 1907 presse
528 1854 652 1892 muris
680 1852 876 1907 gregatim
897 1853 1084 1907 applicat.

315 1941 476 1976 Hmmna
501 1933 566 1973 Ad
595 1948 803 1973 murorum
830 1932 989 1972 fissuras
1015 1934 1057 1972 in
1083 1933 1229 1983 hortis,
1256 1933 1297 1972 in
1322 1933 1502 1988 sepibus,
1522 1935 1706 1988 vulgatis-

261 2001 373 2040 sima.
399 2000 530 2051 Quam
549 2002 629 2040 late
653 2016 724 2055 per
743 2001 882 2040 orbem
898 2008 1097 2040 terrarum
1128 2001 1367 2055 dispergitur
1379 2033 1388 2051 ,
1406 2002 1602 2041 mirantur
1622 2002 1706 2042 via-

258 2074 388 2108 tores:
408 2075 567 2122 reperta
582 2070 689 2109 enim
712 2070 788 2110 fuit
811 2070 853 2109 in
869 2070 955 2125 ipsa
969 2070 1151 2120 Brasilia,
1173 2069 1398 2124 Cayennae,
1420 2070 1462 2109 in
1481 2070 1591 2111 Nova
1614 2069 1706 2110 His—

258 2136 381 2190 pania
409 2142 484 2176 etc.
