2027 2701
848 236 1121 275 PULMONACEA.
1663 242 1711 282 15

266 352 358 392 cula
387 352 563 406 gracilia.
596 352 714 392 Testa
745 352 791 392 11
820 353 914 392 mill.
938 354 1077 407 longa„
1104 353 1154 392 10
1176 354 1278 403 lata,
1300 354 1326 393 4
1350 362 1391 408 72
1407 371 1559 404 crassa,
1574 357 1714 411 junior

264 419 354 473 pilis
383 420 544 459 caducis
574 420 732 467 villosa,
758 420 901 458 coloris
917 427 1074 459 mortuo
1090 421 1222 460 incola
1243 423 1475 477 pallidioris.
1496 423 1714 464 Anfractus

269 500 355 535 sex,
381 493 604 527 transverse
628 487 778 530 striati,
805 487 879 526 sibi
908 488 1077 528 invicem
1104 503 1236 543 presse
1265 490 1453 530 obvoluti.
1489 490 1713 531 Umbilicus

269 554 320 593 ad
349 555 503 607 apicem
531 568 659 607 usque
690 555 809 608 spirae
837 555 1069 609 profundus.
1100 556 1319 598 Peristoma
1346 558 1502 607 album,
1524 559 1713 613 politum7

265 620 354 659 sinu
376 626 489 659 extus
513 620 711 661 distincto.

323 702 547 736 Onsmzvffmo.
571 695 667 734 Icon
684 696 857 735 Pseifferi
879 696 908 735 l.
932 697 1014 736 tab.
1037 698 1074 736 2.
1098 697 1160 750 fig.
1187 698 1241 736 28
1266 705 1409 737 testam
1434 700 1573 740 subtus
1601 702 1716 741 lineis

267 776 337 801 seu
359 762 489 801 fasciis
506 763 769 802 circularibus
786 765 959 802 cinctam
976 770 1257 817 repraesentat,
1279 766 1387 817 quod
1408 766 1449 803 in
1471 769 1614 806 nostris
1636 784 1717 822 spe-

268 822 481 869 ciminibus
509 845 590 869 non
616 830 922 870 observavimus.
945 830 1109 869 Sturmii
1126 845 1218 870 vero
1243 837 1282 870 et
1306 831 1461 871 Brarclii
1488 834 1621 874 icones
1650 851 1718 889 pe-

269 897 431 936 ristoma
449 898 585 937 carnei
606 899 748 938 eoloris
769 899 877 953 quod
900 898 1014 938 nobis
1038 898 1256 937 candidum
1280 905 1359 947 est,
1382 900 1616 954 depingunt.
1643 902 1719 942 Va..-

271 964 440 1008 rietasz.
463 980 486 1004 a
511 966 605 1005 clar.
636 966 781 1006 Muller
819 967 1018 1020 descripta
1047 966 1219 1019 speciem
1249 965 1445 1005 diversam
1471 969 1715 1008 constituere

268 1031 436 1071 videtur.

324 1113 519 1146 HAssmmo.
537 1105 677 1144 Inveni
697 1105 803 1144 hanc
820 1119 953 1144 raram
969 1107 1142 1160 speciem
1157 1107 1247 1162 jam
1264 1108 1353 1162 pilis
1378 1124 1531 1149 cassam
1550 1111 1590 1150 in
1609 1113 1717 1166 sylva

270 1171 472 1211 Beausart
494 1173 599 1211 inter
632 1172 735 1211 Grez
756 1179 796 1211 et
824 1172 1017 1228 Chapelle
1038 1175 1075 1214 S.
1099 1175 1289 1216 Laureut.
1312 1176 1523 1231 Speeimen
1553 1179 1593 1218 iu
1625 1195 1720 1234 agro

271 1240 519 1279 Bruxellensi
540 1247 744 1294 repertum
768 1241 848 1280 vidi
872 1242 914 1280 in
945 1256 1082 1281 museo
1099 1243 1214 1282 amic.
1237 1243 1424 1298 Delporte
1441 1245 1544 1300 juris
1568 1248 1718 1287 utrius-

271 1323 351 1361 que
367 1308 568 1356 Doctoris⁷
595 1308 868 1362 mineralogiae
890 1310 1129 1363 peritissimi.

328 1423 389 1463 16.
413 1423 487 1463 H...
505 1424 700 1464 Gummi
721 1423 838 1463 Mull.
860 1424 956 1463 Icon
972 1425 1102 1477 Drap.
1127 1424 1204 1463 [ab.
1227 1425 1264 1463 8.
1285 1428 1353 1479 figJ.
1375 1425 1440 1465 23.
1462 1426 1528 1465 24.
1551 1426 1616 1465 25.

325 1507 446 1541 SYNON-
470 1499 516 1538 H.
534 1499 662 1538 nitida
681 1499 755 1539 Dr.
778 1498 884 1538 Hist.
903 1513 983 1537 non
1005 1498 1118 1537 Tabl.
1138 1514 1213 1538 1100
1234 1499 1398 1542 Muller.
1422 1516 1497 1540 1100
1519 1501 1666 1556 Charp.

328 1582 520 1616 DmGNosm.
548 1574 595 1613 H.
617 1580 718 1613 testa
743 1574 1014 1628 planiuscula,
1041 1575 1294 1625 umbificata,
1316 1576 1569 1621 nitidissima.
1600 1593 1720 1632 supra

274 1642 666 1695 griseo-lutescente,
688 1640 829 1680 subtus
856 1642 1006 1689 lactca3
1029 1650 1218 1696 apertura
1245 1643 1408 1696 oblique
1436 1650 1573 1691 ovata3
1597 1645 1721 1698 peris—

272 1715 423 1749 tomate
451 1708 631 1762 simplici.

327 1792 535 1826 Dssscmpno.
567 1783 711 1823 Incola
750 1784 927 1831 albidus,
970 1784 1086 1823 dorso
1123 1784 1364 1835 obscuriori,
1400 1787 1522 1840 pallio
1552 1789 1719 1827 maculis

271 1852 407 1906 griseis
437 1859 476 1891 et
501 1851 808 1892 flavescentibus
831 1852 1034 1906 val-iegato
1048 1882 1056 1900 ,
1073 1854 1287 1892 tentaculis
1313 1855 1507 1894 caeruleis.
1530 1855 1569 1894 T
1567 1862 1650 1895 esta
1671 1855 1718 1895 11

272 1919 367 1958 mill.
389 1920 528 1973 longa,
544 1919 569 1958 9
587 1920 687 1969 alta,
710 1919 737 1957 4
757 1934 910 1969 crassa,
942 1934 1069 1960 vacua
1099 1921 1261 1959 omnino
1291 1920 1466 1975 hyalina.
1503 1922 1720 1962 Anfractus

271 1986 470 2040 quinque,
488 1987 629 2026 ultimo
655 1987 798 2028 latiori.
830 1986 1032 2042 Apertura
1061 1987 1184 2041 larga.
1217 1987 1439 2029 Umbilicus
1475 1990 1717 2044 profundus,

274 2062 447 2107 apertus.

327 2139 547 2173 Onsmvfflo.
578 2128 674 2170 Icon
705 2132 985 2186 Draparnaldii
1017 2147 1138 2187 quam
1166 2134 1396 2178 citavimus,
1430 2138 1716 2193 speciminibus

1596 2206 1617 2239 4
