<?xml version="1.0" encoding="UTF-8"?>
<!DOCTYPE html PUBLIC "-//W3C//DTD XHTML 1.0 Transitional//EN"
    "http://www.w3.org/TR/xhtml1/DTD/xhtml1-transitional.dtd">
<html xmlns="http://www.w3.org/1999/xhtml" xml:lang="en" lang="en">
 <head>
  <title>
</title>
<meta http-equiv="Content-Type" content="text/html;charset=utf-8" />
  <meta name='ocr-system' content='tesseract 3.04.00' />
  <meta name='ocr-capabilities' content='ocr_page ocr_carea ocr_par ocr_line ocrx_word'/>
</head>
<body>
  <div class='ocr_page' id='page_1' title='image "./specimeninaugura00kick_0059.png"; bbox 0 0 2027 2701; ppageno 0'>
   <div class='ocr_carea' id='block_1_1' title="bbox 863 231 1705 273">
    <p class='ocr_par' dir='ltr' id='par_1_1' title="bbox 863 231 1705 273">
     <span class='ocr_line' id='line_1_1' title="bbox 863 231 1705 273; baseline -0.001 -1"><span class='ocrx_word' id='word_1_1' title='bbox 863 231 1136 273; x_wconf 65' lang='lat' dir='ltr'>Pumomem.</span> <span class='ocrx_word' id='word_1_2' title='bbox 1656 233 1705 272; x_wconf 79' lang='lat'>41</span> 
     </span>
    </p>
   </div>
   <div class='ocr_carea' id='block_1_2' title="bbox 269 343 1709 464">
    <p class='ocr_par' dir='ltr' id='par_1_2' title="bbox 269 343 1709 464">
     <span class='ocr_line' id='line_1_2' title="bbox 329 343 1709 401; baseline 0.003 -17"><span class='ocrx_word' id='word_1_3' title='bbox 329 353 524 386; x_wconf 53' lang='lat' dir='ltr'>Humum.</span> <span class='ocrx_word' id='word_1_4' title='bbox 552 343 600 384; x_wconf 91' lang='lat' dir='ltr'>In</span> <span class='ocrx_word' id='word_1_5' title='bbox 624 344 776 384; x_wconf 85' lang='lat' dir='ltr'>truncis</span> <span class='ocrx_word' id='word_1_6' title='bbox 815 344 1002 383; x_wconf 79' lang='lat' dir='ltr'>arborum</span> <span class='ocrx_word' id='word_1_7' title='bbox 1038 345 1144 385; x_wconf 84' lang='lat' dir='ltr'>cavis</span> <span class='ocrx_word' id='word_1_8' title='bbox 1178 352 1218 385; x_wconf 86' lang='lat' dir='ltr'>et</span> <span class='ocrx_word' id='word_1_9' title='bbox 1244 346 1286 385; x_wconf 91' lang='lat' dir='ltr'>in</span> <span class='ocrx_word' id='word_1_10' title='bbox 1321 347 1506 401; x_wconf 83' lang='lat' dir='ltr'>lapidosis</span> <span class='ocrx_word' id='word_1_11' title='bbox 1536 348 1709 389; x_wconf 83' lang='lat' dir='ltr'><strong>humidis</strong></span> 
     </span>
     <span class='ocr_line' id='line_1_3' title="bbox 269 409 987 464; baseline 0.003 -17"><span class='ocrx_word' id='word_1_12' title='bbox 269 409 363 449; x_wconf 88' lang='lat' dir='ltr'>hinc</span> <span class='ocrx_word' id='word_1_13' title='bbox 391 411 506 459; x_wconf 70' lang='lat' dir='ltr'>inde,</span> <span class='ocrx_word' id='word_1_14' title='bbox 523 425 605 450; x_wconf 88' lang='lat' dir='ltr'>non</span> <span class='ocrx_word' id='word_1_15' title='bbox 632 411 820 464; x_wconf 79' lang='lat' dir='ltr'>frequens</span> <span class='ocrx_word' id='word_1_16' title='bbox 840 416 987 449; x_wconf 84' lang='lat' dir='ltr'>tamen.</span> 
     </span>
    </p>
   </div>
   <div class='ocr_carea' id='block_1_3' title="bbox 325 522 1709 656">
    <p class='ocr_par' dir='ltr' id='par_1_3' title="bbox 325 522 1709 656">
     <span class='ocr_line' id='line_1_4' title="bbox 325 522 1709 579; baseline 0.001 -16"><span class='ocrx_word' id='word_1_17' title='bbox 325 524 389 564; x_wconf 82' lang='lat'>46.</span> <span class='ocrx_word' id='word_1_18' title='bbox 413 524 484 565; x_wconf 85' lang='lat' dir='ltr'><strong>C...</strong></span> <span class='ocrx_word' id='word_1_19' title='bbox 506 524 737 563; x_wconf 54' lang='lat' dir='ltr'>Pimmms</span> <span class='ocrx_word' id='word_1_20' title='bbox 746 523 875 576; x_wconf 79' lang='lat' dir='ltr'>Drap.</span> <span class='ocrx_word' id='word_1_21' title='bbox 893 522 990 561; x_wconf 82' lang='lat' dir='ltr'>leon</span> <span class='ocrx_word' id='word_1_22' title='bbox 1005 523 1133 576; x_wconf 73' lang='lat' dir='ltr'>Drap.</span> <span class='ocrx_word' id='word_1_23' title='bbox 1152 523 1229 563; x_wconf 82' lang='lat' dir='ltr'>tab.</span> <span class='ocrx_word' id='word_1_24' title='bbox 1241 523 1278 563; x_wconf 81' lang='lat'>4.</span> <span class='ocrx_word' id='word_1_25' title='bbox 1290 527 1357 579; x_wconf 71' lang='lat' dir='ltr'>fiq.</span> <span class='ocrx_word' id='word_1_26' title='bbox 1374 523 1434 564; x_wconf 82' lang='lat'>13.</span> <span class='ocrx_word' id='word_1_27' title='bbox 1438 525 1553 577; x_wconf 82' lang='lat' dir='ltr'>justo</span> <span class='ocrx_word' id='word_1_28' title='bbox 1568 527 1709 579; x_wconf 80' lang='lat' dir='ltr'>major.</span> 
     </span>
     <span class='ocr_line' id='line_1_5' title="bbox 326 601 1709 656; baseline -0.001 -11"><span class='ocrx_word' id='word_1_29' title='bbox 326 612 444 645; x_wconf 77' lang='lat' dir='ltr'><strong>SYNON.</strong></span> <span class='ocrx_word' id='word_1_30' title='bbox 467 602 583 642; x_wconf 83' lang='lat' dir='ltr'>Helix</span> <span class='ocrx_word' id='word_1_31' title='bbox 611 602 815 656; x_wconf 86' lang='lat' dir='ltr'>papillaris</span> <span class='ocrx_word' id='word_1_32' title='bbox 840 601 956 642; x_wconf 79' lang='lat' dir='ltr'><em>Mull.</em></span> <span class='ocrx_word' id='word_1_33' title='bbox 980 602 1117 642; x_wconf 89' lang='lat' dir='ltr'>Turbo</span> <span class='ocrx_word' id='word_1_34' title='bbox 1133 603 1274 642; x_wconf 81' lang='lat' dir='ltr'>bidens</span> <span class='ocrx_word' id='word_1_35' title='bbox 1297 603 1421 643; x_wconf 68' lang='lat' dir='ltr'>Limz.</span> <span class='ocrx_word' id='word_1_36' title='bbox 1438 618 1519 643; x_wconf 89' lang='lat' dir='ltr'>non</span> <span class='ocrx_word' id='word_1_37' title='bbox 1541 604 1709 644; x_wconf 85' lang='lat' dir='ltr'>Chemn.</span> 
     </span>
    </p>
   </div>
   <div class='ocr_carea' id='block_1_4' title="bbox 270 680 1712 801">
    <p class='ocr_par' dir='ltr' id='par_1_4' title="bbox 270 680 1712 801">
     <span class='ocr_line' id='line_1_6' title="bbox 325 680 1712 736; baseline -0.001 -14"><span class='ocrx_word' id='word_1_38' title='bbox 325 689 487 722; x_wconf 77' lang='lat' dir='ltr'><strong>DIAGNOS.</strong></span> <span class='ocrx_word' id='word_1_39' title='bbox 506 680 549 719; x_wconf 87' lang='lat' dir='ltr'>C.</span> <span class='ocrx_word' id='word_1_40' title='bbox 567 687 669 719; x_wconf 84' lang='lat' dir='ltr'>testa</span> <span class='ocrx_word' id='word_1_41' title='bbox 690 680 844 729; x_wconf 77' lang='lat' dir='ltr'>albida,</span> <span class='ocrx_word' id='word_1_42' title='bbox 863 680 1163 719; x_wconf 86' lang='lat' dir='ltr'>subventricosa</span> <span class='ocrx_word' id='word_1_43' title='bbox 1179 693 1187 728; x_wconf 83' lang='lat'><em>3</em></span> <span class='ocrx_word' id='word_1_44' title='bbox 1209 681 1356 719; x_wconf 86' lang='lat' dir='ltr'>suturis</span> <span class='ocrx_word' id='word_1_45' title='bbox 1387 683 1559 721; x_wconf 87' lang='lat' dir='ltr'>candido</span> <span class='ocrx_word' id='word_1_46' title='bbox 1586 697 1712 736; x_wconf 88' lang='lat' dir='ltr'>pune-</span> 
     </span>
     <span class='ocr_line' id='line_1_7' title="bbox 270 746 1683 801; baseline 0 -13"><span class='ocrx_word' id='word_1_47' title='bbox 270 749 381 797; x_wconf 83' lang='lat' dir='ltr'>tatis;</span> <span class='ocrx_word' id='word_1_48' title='bbox 404 754 593 801; x_wconf 76' lang='lat' dir='ltr'>apertura</span> <span class='ocrx_word' id='word_1_49' title='bbox 614 747 770 785; x_wconf 86' lang='lat' dir='ltr'>inferne</span> <span class='ocrx_word' id='word_1_50' title='bbox 800 746 974 799; x_wconf 79' lang='lat' dir='ltr'>integra3</span> <span class='ocrx_word' id='word_1_51' title='bbox 993 747 1250 799; x_wconf 86' lang='lat' dir='ltr'>peristomate</span> <span class='ocrx_word' id='word_1_52' title='bbox 1267 747 1425 799; x_wconf 78' lang='lat' dir='ltr'>patulo,</span> <span class='ocrx_word' id='word_1_53' title='bbox 1447 748 1683 788; x_wconf 86' lang='lat' dir='ltr'>subreflexo.</span> 
     </span>
    </p>
   </div>
   <div class='ocr_carea' id='block_1_5' title="bbox 268 824 1715 1281">
    <p class='ocr_par' dir='ltr' id='par_1_5' title="bbox 268 824 1715 1281">
     <span class='ocr_line' id='line_1_8' title="bbox 326 824 1715 879; baseline -0.003 -10"><span class='ocrx_word' id='word_1_54' title='bbox 326 836 532 869; x_wconf 71' lang='lat' dir='ltr'>Dssscmmo.</span> <span class='ocrx_word' id='word_1_55' title='bbox 558 826 701 866; x_wconf 73' lang='lat' dir='ltr'><em>Incola</em></span> <span class='ocrx_word' id='word_1_56' title='bbox 727 826 886 879; x_wconf 82' lang='lat' dir='ltr'>griseo-</span> <span class='ocrx_word' id='word_1_57' title='bbox 902 824 1078 872; x_wconf 82' lang='lat' dir='ltr'>albidus,</span> <span class='ocrx_word' id='word_1_58' title='bbox 1117 824 1233 863; x_wconf 90' lang='lat' dir='ltr'>dorso</span> <span class='ocrx_word' id='word_1_59' title='bbox 1263 824 1374 863; x_wconf 84' lang='lat' dir='ltr'>fusco</span> <span class='ocrx_word' id='word_1_60' title='bbox 1399 827 1623 873; x_wconf 82' lang='lat' dir='ltr'>maculato,</span> <span class='ocrx_word' id='word_1_61' title='bbox 1654 841 1715 865; x_wconf 85' lang='lat' dir='ltr'>ca—</span> 
     </span>
     <span class='ocr_line' id='line_1_9' title="bbox 268 890 1714 949; baseline -0.003 -15"><span class='ocrx_word' id='word_1_62' title='bbox 268 896 349 949; x_wconf 88' lang='lat' dir='ltr'>pite</span> <span class='ocrx_word' id='word_1_63' title='bbox 365 895 660 947; x_wconf 84' lang='lat' dir='ltr'>tentaculisque</span> <span class='ocrx_word' id='word_1_64' title='bbox 677 891 1089 932; x_wconf 80' lang='lat' dir='ltr'>caeruleo-infuscatis.</span> <span class='ocrx_word' id='word_1_65' title='bbox 1117 890 1238 930; x_wconf 75' lang='lat' dir='ltr'>Testa</span> <span class='ocrx_word' id='word_1_66' title='bbox 1255 890 1281 930; x_wconf 82' lang='grc'><strong>9</strong></span> <span class='ocrx_word' id='word_1_67' title='bbox 1305 897 1347 943; x_wconf 59' lang='lat' dir='ltr'><em>ss</em></span> <span class='ocrx_word' id='word_1_68' title='bbox 1367 892 1462 930; x_wconf 87' lang='lat' dir='ltr'>mill.</span> <span class='ocrx_word' id='word_1_69' title='bbox 1484 893 1603 946; x_wconf 86' lang='lat' dir='ltr'>longa</span> <span class='ocrx_word' id='word_1_70' title='bbox 1621 893 1648 930; x_wconf 80' lang='lat'><strong>2</strong></span> <span class='ocrx_word' id='word_1_71' title='bbox 1672 899 1714 944; x_wconf 48' lang='lat' dir='ltr'>&#39;A</span> 
     </span>
     <span class='ocr_line' id='line_1_10' title="bbox 271 958 1714 1014; baseline -0.001 -13"><span class='ocrx_word' id='word_1_72' title='bbox 271 963 352 1001; x_wconf 84' lang='lat' dir='ltr'>alta</span> <span class='ocrx_word' id='word_1_73' title='bbox 369 968 408 1001; x_wconf 89' lang='lat' dir='ltr'>et</span> <span class='ocrx_word' id='word_1_74' title='bbox 428 976 581 1009; x_wconf 82' lang='lat' dir='ltr'>crassa,</span> <span class='ocrx_word' id='word_1_75' title='bbox 606 961 749 1014; x_wconf 82' lang='lat' dir='ltr'>polita,</span> <span class='ocrx_word' id='word_1_76' title='bbox 768 961 881 1014; x_wconf 88' lang='lat' dir='ltr'>apice</span> <span class='ocrx_word' id='word_1_77' title='bbox 902 959 1103 998; x_wconf 88' lang='lat' dir='ltr'>interdum</span> <span class='ocrx_word' id='word_1_78' title='bbox 1125 958 1385 998; x_wconf 76' lang='lat' dir='ltr'>fuscescente.</span> <span class='ocrx_word' id='word_1_79' title='bbox 1408 959 1625 998; x_wconf 84' lang='lat' dir='ltr'>Anfractus</span> <span class='ocrx_word' id='word_1_80' title='bbox 1645 975 1714 1000; x_wconf 89' lang='lat' dir='ltr'>no-</span> 
     </span>
     <span class='ocr_line' id='line_1_11' title="bbox 271 1026 1714 1082; baseline -0.001 -13"><span class='ocrx_word' id='word_1_81' title='bbox 271 1044 379 1078; x_wconf 80' lang='lat' dir='ltr'>vem,</span> <span class='ocrx_word' id='word_1_82' title='bbox 396 1036 536 1068; x_wconf 88' lang='lat' dir='ltr'>sutura</span> <span class='ocrx_word' id='word_1_83' title='bbox 552 1028 763 1082; x_wconf 86' lang='lat' dir='ltr'>profunda.</span> <span class='ocrx_word' id='word_1_84' title='bbox 782 1027 985 1080; x_wconf 86' lang='lat' dir='ltr'>Apertura</span> <span class='ocrx_word' id='word_1_85' title='bbox 1009 1026 1275 1075; x_wconf 79' lang='lat' dir='ltr'>subrotunda,</span> <span class='ocrx_word' id='word_1_86' title='bbox 1302 1026 1570 1075; x_wconf 82' lang='lat' dir='ltr'>bilamellata,</span> <span class='ocrx_word' id='word_1_87' title='bbox 1597 1026 1714 1067; x_wconf 86' lang='lat' dir='ltr'>fauce</span> 
     </span>
     <span class='ocr_line' id='line_1_12' title="bbox 270 1094 1715 1147; baseline -0.001 -14"><span class='ocrx_word' id='word_1_88' title='bbox 270 1096 434 1133; x_wconf 86' lang='lat' dir='ltr'>inferius</span> <span class='ocrx_word' id='word_1_89' title='bbox 453 1102 657 1134; x_wconf 85' lang='lat' dir='ltr'>tranverse</span> <span class='ocrx_word' id='word_1_90' title='bbox 686 1095 855 1147; x_wconf 81' lang='lat' dir='ltr'>plicata,</span> <span class='ocrx_word' id='word_1_91' title='bbox 882 1107 1053 1146; x_wconf 81' lang='lat' dir='ltr'>superne</span> <span class='ocrx_word' id='word_1_92' title='bbox 1082 1094 1331 1132; x_wconf 77' lang='lat' dir='ltr'>dextrorsum</span> <span class='ocrx_word' id='word_1_93' title='bbox 1358 1094 1489 1132; x_wconf 91' lang='lat' dir='ltr'>minus</span> <span class='ocrx_word' id='word_1_94' title='bbox 1513 1108 1636 1147; x_wconf 87' lang='lat' dir='ltr'>quam</span> <span class='ocrx_word' id='word_1_95' title='bbox 1673 1095 1715 1132; x_wconf 92' lang='lat' dir='ltr'>in</span> 
     </span>
     <span class='ocr_line' id='line_1_13' title="bbox 272 1159 1714 1215; baseline -0.001 -15"><span class='ocrx_word' id='word_1_96' title='bbox 272 1161 563 1215; x_wconf 85' lang='lat' dir='ltr'>congeneribus</span> <span class='ocrx_word' id='word_1_97' title='bbox 591 1166 809 1199; x_wconf 87' lang='lat' dir='ltr'>coarctata.</span> <span class='ocrx_word' id='word_1_98' title='bbox 848 1159 1084 1198; x_wconf 84' lang='lat' dir='ltr'>Clausilium</span> <span class='ocrx_word' id='word_1_99' title='bbox 1114 1176 1130 1195; x_wconf 93' lang='lat'>«</span> <span class='ocrx_word' id='word_1_100' title='bbox 1165 1160 1278 1213; x_wconf 80' lang='lat' dir='ltr'>apice</span> <span class='ocrx_word' id='word_1_101' title='bbox 1310 1160 1603 1199; x_wconf 88' lang='lat' dir='ltr'>subrotundum</span> <span class='ocrx_word' id='word_1_102' title='bbox 1639 1175 1714 1199; x_wconf 88' lang='lat' dir='ltr'>nec</span> 
     </span>
     <span class='ocr_line' id='line_1_14' title="bbox 271 1227 771 1281; baseline -0.006 -14"><span class='ocrx_word' id='word_1_103' title='bbox 271 1228 576 1281; x_wconf 81' lang='lat' dir='ltr'>emarginatum.</span> <span class='ocrx_word' id='word_1_104' title='bbox 608 1227 727 1279; x_wconf 88' lang='lat' dir='ltr'>Drap.</span> <span class='ocrx_word' id='word_1_105' title='bbox 749 1241 771 1264; x_wconf 85' lang='lat'>)›</span> 
     </span>
    </p>
   </div>
   <div class='ocr_carea' id='block_1_6' title="bbox 272 1304 1716 1973">
    <p class='ocr_par' dir='ltr' id='par_1_6' title="bbox 273 1304 1715 1628">
     <span class='ocr_line' id='line_1_15' title="bbox 328 1304 1714 1358; baseline -0.001 -11"><span class='ocrx_word' id='word_1_106' title='bbox 328 1314 551 1348; x_wconf 63' lang='lat' dir='ltr'>OsssssRvAno.</span> <span class='ocrx_word' id='word_1_107' title='bbox 574 1305 634 1344; x_wconf 80' lang='lat' dir='ltr'>Ex</span> <span class='ocrx_word' id='word_1_108' title='bbox 650 1304 796 1357; x_wconf 86' lang='lat' dir='ltr'>speciei</span> <span class='ocrx_word' id='word_1_109' title='bbox 816 1304 1003 1343; x_wconf 85' lang='lat' dir='ltr'>nostratis</span> <span class='ocrx_word' id='word_1_110' title='bbox 1024 1318 1116 1343; x_wconf 82' lang='lat' dir='ltr'>cum</span> <span class='ocrx_word' id='word_1_111' title='bbox 1137 1304 1354 1358; x_wconf 83' lang='lat' dir='ltr'>specimine</span> <span class='ocrx_word' id='word_1_112' title='bbox 1370 1304 1594 1345; x_wconf 86' lang='lat' dir='ltr'>Dalmatico</span> <span class='ocrx_word' id='word_1_113' title='bbox 1610 1320 1714 1345; x_wconf 85' lang='lat' dir='ltr'>com-</span> 
     </span>
     <span class='ocr_line' id='line_1_16' title="bbox 273 1371 1715 1428; baseline 0 -16"><span class='ocrx_word' id='word_1_114' title='bbox 273 1374 502 1428; x_wconf 78' lang='lat' dir='ltr'>paratione,</span> <span class='ocrx_word' id='word_1_115' title='bbox 523 1372 580 1411; x_wconf 86' lang='lat' dir='ltr'>nil</span> <span class='ocrx_word' id='word_1_116' title='bbox 601 1372 776 1424; x_wconf 79' lang='lat' dir='ltr'>exsurgit</span> <span class='ocrx_word' id='word_1_117' title='bbox 803 1372 1040 1410; x_wconf 82' lang='lat' dir='ltr'>discriminis</span> <span class='ocrx_word' id='word_1_118' title='bbox 1064 1371 1140 1410; x_wconf 91' lang='lat' dir='ltr'>nisi</span> <span class='ocrx_word' id='word_1_119' title='bbox 1164 1378 1381 1411; x_wconf 81' lang='lat' dir='ltr'>nostratem</span> <span class='ocrx_word' id='word_1_120' title='bbox 1399 1373 1426 1410; x_wconf 88' lang='lat'>2</span> <span class='ocrx_word' id='word_1_121' title='bbox 1445 1373 1540 1411; x_wconf 89' lang='lat' dir='ltr'>mill.</span> <span class='ocrx_word' id='word_1_122' title='bbox 1564 1373 1715 1413; x_wconf 86' lang='lat' dir='ltr'>brevio-</span> 
     </span>
     <span class='ocr_line' id='line_1_17' title="bbox 273 1438 1713 1493; baseline -0.001 -13"><span class='ocrx_word' id='word_1_123' title='bbox 273 1455 357 1480; x_wconf 86' lang='lat' dir='ltr'>rem</span> <span class='ocrx_word' id='word_1_124' title='bbox 385 1454 469 1479; x_wconf 89' lang='lat' dir='ltr'>esse</span> <span class='ocrx_word' id='word_1_125' title='bbox 493 1446 533 1478; x_wconf 88' lang='lat' dir='ltr'>et</span> <span class='ocrx_word' id='word_1_126' title='bbox 562 1439 688 1492; x_wconf 84' lang='lat' dir='ltr'>magis</span> <span class='ocrx_word' id='word_1_127' title='bbox 712 1439 987 1477; x_wconf 86' lang='lat' dir='ltr'>ventricosam.</span> <span class='ocrx_word' id='word_1_128' title='bbox 1011 1438 1189 1477; x_wconf 82' lang='lat' dir='ltr'>Clausilii</span> <span class='ocrx_word' id='word_1_129' title='bbox 1214 1440 1521 1493; x_wconf 80' lang='lat' dir='ltr'>descriptionem</span> <span class='ocrx_word' id='word_1_130' title='bbox 1545 1454 1593 1478; x_wconf 86' lang='lat' dir='ltr'>ex</span> <span class='ocrx_word' id='word_1_131' title='bbox 1609 1439 1713 1479; x_wconf 92' lang='lat' dir='ltr'>Dra-</span> 
     </span>
     <span class='ocr_line' id='line_1_18' title="bbox 274 1504 1714 1562; baseline -0.001 -16"><span class='ocrx_word' id='word_1_132' title='bbox 274 1507 471 1562; x_wconf 83' lang='lat' dir='ltr'>parnaldii</span> <span class='ocrx_word' id='word_1_133' title='bbox 492 1520 611 1560; x_wconf 85' lang='lat' dir='ltr'>opere</span> <span class='ocrx_word' id='word_1_134' title='bbox 629 1507 795 1556; x_wconf 85' lang='lat' dir='ltr'>(testam</span> <span class='ocrx_word' id='word_1_135' title='bbox 817 1505 923 1542; x_wconf 84' lang='lat' dir='ltr'>enim</span> <span class='ocrx_word' id='word_1_136' title='bbox 944 1504 1049 1543; x_wconf 89' lang='lat' dir='ltr'>inter</span> <span class='ocrx_word' id='word_1_137' title='bbox 1074 1519 1211 1544; x_wconf 88' lang='lat' dir='ltr'>omnes</span> <span class='ocrx_word' id='word_1_138' title='bbox 1232 1505 1347 1544; x_wconf 83' lang='lat' dir='ltr'>nobis</span> <span class='ocrx_word' id='word_1_139' title='bbox 1372 1506 1613 1545; x_wconf 82' lang='lat' dir='ltr'>rarissimam</span> <span class='ocrx_word' id='word_1_140' title='bbox 1635 1506 1714 1546; x_wconf 83' lang='lat' dir='ltr'>dif-</span> 
     </span>
     <span class='ocr_line' id='line_1_19' title="bbox 274 1568 1537 1628; baseline -0.007 -13"><span class='ocrx_word' id='word_1_141' title='bbox 274 1576 460 1628; x_wconf 79' lang='lat' dir='ltr'>frangere</span> <span class='ocrx_word' id='word_1_142' title='bbox 487 1578 569 1612; x_wconf 85' lang='lat' dir='ltr'>non&#39;</span> <span class='ocrx_word' id='word_1_143' title='bbox 596 1573 759 1624; x_wconf 86' lang='lat' dir='ltr'>lubuit)</span> <span class='ocrx_word' id='word_1_144' title='bbox 781 1568 994 1625; x_wconf 83' lang='lat' dir='ltr'>desumpsi.</span> <span class='ocrx_word' id='word_1_145' title='bbox 1528 1574 1537 1580; x_wconf 50' lang='lat'>⁸</span> 
     </span>
    </p>

    <p class='ocr_par' dir='ltr' id='par_1_7' title="bbox 272 1650 1716 1973">
     <span class='ocr_line' id='line_1_20' title="bbox 328 1650 1715 1706; baseline -0.002 -11"><span class='ocrx_word' id='word_1_146' title='bbox 328 1662 524 1695; x_wconf 59' lang='lat' dir='ltr'>Humum.</span> <span class='ocrx_word' id='word_1_147' title='bbox 544 1651 676 1691; x_wconf 87' lang='lat' dir='ltr'>Medio</span> <span class='ocrx_word' id='word_1_148' title='bbox 695 1651 814 1706; x_wconf 86' lang='lat' dir='ltr'>junio</span> <span class='ocrx_word' id='word_1_149' title='bbox 833 1650 940 1691; x_wconf 83' lang='lat'>1827</span> <span class='ocrx_word' id='word_1_150' title='bbox 962 1652 1128 1690; x_wconf 87' lang='lat' dir='ltr'>unicum</span> <span class='ocrx_word' id='word_1_151' title='bbox 1146 1650 1266 1705; x_wconf 82' lang='lat' dir='ltr'>hujus</span> <span class='ocrx_word' id='word_1_152' title='bbox 1282 1657 1415 1700; x_wconf 78' lang='lat' dir='ltr'>testae,</span> <span class='ocrx_word' id='word_1_153' title='bbox 1438 1665 1561 1705; x_wconf 87' lang='lat' dir='ltr'>quam</span> <span class='ocrx_word' id='word_1_154' title='bbox 1581 1667 1628 1691; x_wconf 82' lang='lat' dir='ltr'>ex</span> <span class='ocrx_word' id='word_1_155' title='bbox 1643 1666 1715 1692; x_wconf 90' lang='lat' dir='ltr'>au-</span> 
     </span>
     <span class='ocr_line' id='line_1_21' title="bbox 272 1717 1714 1773; baseline -0.001 -12"><span class='ocrx_word' id='word_1_156' title='bbox 272 1721 424 1761; x_wconf 87' lang='lat' dir='ltr'>toribus</span> <span class='ocrx_word' id='word_1_157' title='bbox 441 1719 604 1760; x_wconf 83' lang='lat' dir='ltr'>australi</span> <span class='ocrx_word' id='word_1_158' title='bbox 628 1718 800 1772; x_wconf 83' lang='lat' dir='ltr'>Europae</span> <span class='ocrx_word' id='word_1_159' title='bbox 821 1718 1023 1772; x_wconf 84' lang='lat' dir='ltr'>propriam</span> <span class='ocrx_word' id='word_1_160' title='bbox 1031 1717 1257 1771; x_wconf 82' lang='lat' dir='ltr'>judicares,</span> <span class='ocrx_word' id='word_1_161' title='bbox 1274 1718 1494 1771; x_wconf 85' lang='lat' dir='ltr'>specimen,</span> <span class='ocrx_word' id='word_1_162' title='bbox 1516 1719 1558 1757; x_wconf 92' lang='lat' dir='ltr'>in</span> <span class='ocrx_word' id='word_1_163' title='bbox 1578 1719 1714 1773; x_wconf 85' lang='lat' dir='ltr'>aprico</span> 
     </span>
     <span class='ocr_line' id='line_1_22' title="bbox 275 1783 1716 1842; baseline -0.002 -14"><span class='ocrx_word' id='word_1_164' title='bbox 275 1789 326 1828; x_wconf 84' lang='lat' dir='ltr'>ad</span> <span class='ocrx_word' id='word_1_165' title='bbox 349 1788 493 1842; x_wconf 87' lang='lat' dir='ltr'>pedem</span> <span class='ocrx_word' id='word_1_166' title='bbox 518 1786 622 1825; x_wconf 91' lang='lat' dir='ltr'>muri</span> <span class='ocrx_word' id='word_1_167' title='bbox 643 1785 681 1824; x_wconf 93' lang='lat' dir='ltr'><em>T</em></span> <span class='ocrx_word' id='word_1_168' title='bbox 680 1783 829 1824; x_wconf 72' lang='lat' dir='ltr'>erbank</span> <span class='ocrx_word' id='word_1_169' title='bbox 846 1799 970 1838; x_wconf 87' lang='lat' dir='ltr'>prope</span> <span class='ocrx_word' id='word_1_170' title='bbox 990 1784 1211 1824; x_wconf 87' lang='lat' dir='ltr'>Lovanium</span> <span class='ocrx_word' id='word_1_171' title='bbox 1232 1785 1321 1837; x_wconf 79' lang='lat' dir='ltr'>legi.</span> <span class='ocrx_word' id='word_1_172' title='bbox 1344 1784 1487 1824; x_wconf 88' lang='lat' dir='ltr'>Postea</span> <span class='ocrx_word' id='word_1_173' title='bbox 1508 1785 1617 1824; x_wconf 87' lang='lat' dir='ltr'>aliud</span> <span class='ocrx_word' id='word_1_174' title='bbox 1633 1801 1716 1840; x_wconf 89' lang='lat' dir='ltr'>spe-</span> 
     </span>
     <span class='ocr_line' id='line_1_23' title="bbox 276 1851 1716 1908; baseline -0.001 -14"><span class='ocrx_word' id='word_1_175' title='bbox 276 1856 427 1904; x_wconf 79' lang='lat' dir='ltr'>cimen,</span> <span class='ocrx_word' id='word_1_176' title='bbox 444 1868 534 1894; x_wconf 86' lang='lat' dir='ltr'>meo</span> <span class='ocrx_word' id='word_1_177' title='bbox 557 1854 760 1908; x_wconf 84' lang='lat' dir='ltr'>paulisper</span> <span class='ocrx_word' id='word_1_178' title='bbox 779 1851 908 1906; x_wconf 82' lang='lat' dir='ltr'>majus</span> <span class='ocrx_word' id='word_1_179' title='bbox 930 1858 1124 1891; x_wconf 79' lang='lat' dir='ltr'>caeterum</span> <span class='ocrx_word' id='word_1_180' title='bbox 1151 1851 1299 1899; x_wconf 79' lang='lat' dir='ltr'>simile,</span> <span class='ocrx_word' id='word_1_181' title='bbox 1325 1866 1373 1891; x_wconf 81' lang='lat' dir='ltr'>ex</span> <span class='ocrx_word' id='word_1_182' title='bbox 1392 1852 1598 1906; x_wconf 81' lang='lat' dir='ltr'>Nivigellae</span> <span class='ocrx_word' id='word_1_183' title='bbox 1621 1853 1716 1893; x_wconf 85' lang='lat' dir='ltr'>vici-</span> 
     </span>
     <span class='ocr_line' id='line_1_24' title="bbox 274 1917 1621 1973; baseline -0.003 -11"><span class='ocrx_word' id='word_1_184' title='bbox 274 1923 350 1962; x_wconf 86' lang='lat' dir='ltr'>niis</span> <span class='ocrx_word' id='word_1_185' title='bbox 373 1921 682 1962; x_wconf 84' lang='lat' dir='ltr'>communicavit</span> <span class='ocrx_word' id='word_1_186' title='bbox 700 1934 793 1959; x_wconf 90' lang='lat' dir='ltr'>eum</span> <span class='ocrx_word' id='word_1_187' title='bbox 815 1919 996 1973; x_wconf 88' lang='lat' dir='ltr'>pluribus</span> <span class='ocrx_word' id='word_1_188' title='bbox 1020 1919 1107 1958; x_wconf 90' lang='lat' dir='ltr'>aliis</span> <span class='ocrx_word' id='word_1_189' title='bbox 1135 1918 1249 1958; x_wconf 89' lang='lat' dir='ltr'>amic.</span> <span class='ocrx_word' id='word_1_190' title='bbox 1269 1917 1428 1958; x_wconf 79' lang='lat' dir='ltr'>Cravau</span> <span class='ocrx_word' id='word_1_191' title='bbox 1461 1918 1621 1958; x_wconf 85' lang='lat' dir='ltr'>Pharm.</span> 
     </span>
    </p>
   </div>
   <div class='ocr_carea' id='block_1_7' title="bbox 563 2030 1410 2085">
    <p class='ocr_par' dir='ltr' id='par_1_8' title="bbox 563 2030 1410 2085">
     <span class='ocr_line' id='line_1_25' title="bbox 563 2030 1410 2085; baseline -0.001 -13"><span class='ocrx_word' id='word_1_192' title='bbox 563 2032 577 2045; x_wconf 68' lang='lat'>⁴</span> <span class='ocrx_word' id='word_1_193' title='bbox 598 2032 612 2045; x_wconf 81' lang='lat'>*</span> <span class='ocrx_word' id='word_1_194' title='bbox 644 2032 874 2073; x_wconf 73' lang='lat' dir='ltr'>Interstitz&#39;o</span> <span class='ocrx_word' id='word_1_195' title='bbox 904 2030 1215 2073; x_wconf 72' lang='lat' dir='ltr'>interlamellari</span> <span class='ocrx_word' id='word_1_196' title='bbox 1241 2031 1410 2085; x_wconf 76' lang='lat' dir='ltr'>plicato.</span> 
     </span>
    </p>
   </div>
   <div class='ocr_carea' id='block_1_8' title="bbox 333 2135 1569 2192">
    <p class='ocr_par' dir='ltr' id='par_1_9' title="bbox 333 2135 1569 2192">
     <span class='ocr_line' id='line_1_26' title="bbox 333 2135 1569 2192; baseline 0.001 -17"><span class='ocrx_word' id='word_1_197' title='bbox 333 2136 397 2177; x_wconf 78' lang='lat'>47.</span> <span class='ocrx_word' id='word_1_198' title='bbox 430 2136 500 2176; x_wconf 87' lang='lat' dir='ltr'><strong>C...</strong></span> <span class='ocrx_word' id='word_1_199' title='bbox 530 2135 684 2176; x_wconf 70' lang='lat' dir='ltr'>Mmm</span> <span class='ocrx_word' id='word_1_200' title='bbox 713 2136 849 2191; x_wconf 77' lang='lat' dir='ltr'>Pseiff.</span> <span class='ocrx_word' id='word_1_201' title='bbox 878 2137 975 2177; x_wconf 91' lang='lat' dir='ltr'>Icon</span> <span class='ocrx_word' id='word_1_202' title='bbox 1003 2137 1140 2192; x_wconf 78' lang='lat' dir='ltr'>Pseiffi</span> <span class='ocrx_word' id='word_1_203' title='bbox 1175 2136 1209 2176; x_wconf 89' lang='lat' dir='ltr'>l.</span> <span class='ocrx_word' id='word_1_204' title='bbox 1239 2136 1316 2177; x_wconf 80' lang='lat' dir='ltr'><strong><em>tab.</em></strong></span> <span class='ocrx_word' id='word_1_205' title='bbox 1344 2137 1380 2178; x_wconf 81' lang='grc'>3.</span> <span class='ocrx_word' id='word_1_206' title='bbox 1411 2140 1479 2192; x_wconf 74' lang='lat' dir='ltr'>fiq.</span> <span class='ocrx_word' id='word_1_207' title='bbox 1505 2135 1569 2177; x_wconf 82' lang='lat'>35.</span> 
     </span>
    </p>
   </div>
  </div>
 </body>
</html>
