2027 2701
270 208 296 246 ‚gx

298 209 323 246 ,ιδ

854 206 1128 244 GASTEROPODA

693 316 703 325 ⁴
730 314 849 353 Testa
877 313 1036 361 conica,
1070 315 1289 366 perforata.

328 431 392 471 50.
411 431 480 470 P...
499 430 529 468 F
530 442 680 467 RAGlLls
695 426 825 481 Drap.
844 427 941 468 Icon
956 435 1091 468 nostra
1104 432 1172 484 fiq.
1197 429 1258 469 10.

331 520 452 552 Smmv.
483 506 618 545 Turbo
639 520 846 560 perversus
872 506 994 546 Lz'mz.
1014 507 1128 547 Helix
1144 522 1351 562 perversus
1369 508 1460 548 Fer.
1483 523 1564 548 non
1584 509 1706 549 Alior.

274 577 389 617 Helix
411 574 560 627 fragilis
584 572 708 612 flffont.
734 587 816 612 non
839 573 933 613 Lin.
950 573 1074 613 Balea
1095 575 1245 629 fragilis
1270 574 1417 614 ἱραί-ἠ.
1442 590 1489 615 ex
1511 576 1621 615 Jeffr.

329 663 493 695 Dmmvos.
525 650 567 690 P.
592 658 696 691 testa
716 653 825 691 luteo
846 652 1102 701 fuscescenti7
1129 654 1372 702 sinistrorsa3
1397 656 1609 695 columella
1637 656 1711 695 sub

275 721 517 775 uniplicata3
548 720 805 773 peristomate
836 720 1017 774 simplici.

329 808 539 843 Dascmmzo.
558 798 702 839 Incola
717 799 888 853 griseus,
905 799 1037 852 capite
1053 799 1348 854 tentaculisque
1366 799 1573 840 infuscatis
1583 830 1592 849 ,
1613 802 1714 855 pede

277 870 417 909 subtus
454 868 707 908 flavescente.
741 866 860 906 Testa
884 866 909 906 6
943 868 986 915 722
1019 867 1114 905 mill.
1150 867 1292 921 longa,
1323 867 1351 906 2
1376 868 1458 907 alta
1488 874 1531 907 et
1561 882 1714 917 crassa,

277 937 435 986 striata,
457 936 608 983 tenuis,
624 935 839 989 pellucida.
866 934 1084 974 Anfractus
1105 934 1147 973 in
1171 935 1309 974 adulto
1333 949 1489 975 novem.
1516 935 1717 990 Apertura

277 1003 536 1043 subrotunda.
571 1002 769 1041 Foramen
803 1001 1032 1055 obliquum,
1068 1015 1212 1055 parum
1246 1002 1519 1056 conspicuum.

334 1091 557 1124 Onsmzvfflo.
598 1081 879 1135 Draparnaldii
915 1081 1006 1119 icon
1040 1094 1121 1119 non
1152 1081 1304 1134 placet,
1327 1081 1421 1119 hine
1449 1095 1595 1121 novam
1625 1082 1719 1120 sub-

275 1152 414 1205 jungo.
438 1150 599 1204 Species
617 1163 743 1202 genus
759 1148 991 1188 Clausiliam
1007 1162 1100 1186 cum
1120 1147 1233 1201 Pupa
1249 1147 1499 1203 conjungens
1515 1163 1523 1186 z
1544 1148 1595 1187 ad
1610 1148 1720 1202 prius

281 1219 387 1257 enim
421 1224 504 1256 toto
541 1217 685 1255 habitu
714 1222 753 1254 et
778 1222 968 1269 apertura
996 1216 1219 1253 sinistrorsa
1236 1245 1245 1263 ⁷
1276 1215 1327 1253 ad
1356 1215 1466 1254 aliud
1493 1229 1587 1254 vero
1616 1215 1722 1268 peri-

283 1291 450 1324 stomata
475 1283 676 1337 disjuncto
696 1288 737 1321 et
753 1282 915 1320 defectu
931 1281 1101 1319 clausilii
1122 1281 1288 1320 accedit.
1311 1281 1398 1329 Non
1414 1295 1574 1335 possum
1590 1287 1724 1321 autem

282 1352 380 1406 quin
408 1351 634 1398 observem,
669 1364 752 1389 esse
782 1349 880 1387 mihi
913 1349 1117 1403 specimen
1154 1349 1337 1388 adultum
1371 1348 1414 1387 in
1454 1363 1549 1403 agro
1581 1348 1721 1388 Mons-

283 1419 448 1473 peliensi
488 1419 636 1456 lectum
679 1416 744 1455 cui
784 1422 894 1454 certo
934 1415 1082 1454 certius
1120 1416 1335 1469 peristoma
1368 1415 1604 1454 continuum
1638 1422 1722 1465 est,

285 1487 380 1525 dum
395 1486 436 1523 in
453 1485 539 1523 aliis
555 1497 648 1537 quae
666 1483 782 1522 obvia
797 1482 928 1521 habeo
941 1482 1225 1535 speciminibus
1241 1482 1487 1537 disjunctum
1502 1483 1721 1537 reperitur:

287 1554 392 1592 idem
409 1552 613 1606 specimen
632 1549 946 1603 Monspeliacum
966 1548 1220 1587 columellam
1233 1580 1242 1597 7
1263 1550 1305 1587 in
1326 1550 1413 1588 aliis
1437 1550 1584 1597 levem,
1602 1549 1725 1588 mani-

289 1621 386 1660 feste
404 1619 667 1672 uniplicatam
683 1617 866 1656 ostendit.
884 1616 1051 1655 Notetur
1067 1629 1229 1669 quoque
1243 1614 1473 1654 Pfeifferum
1489 1617 1558 1669 qui
1579 1617 1621 1655 in
1640 1617 1727 1655 des-

290 1687 484 1741 criptione
509 1685 724 1740 peristoma
751 1682 995 1738 disjunctum
1023 1682 1139 1730 dicit,
1166 1681 1266 1721 illud
1285 1682 1328 1721 in
1354 1682 1470 1721 icone
1490 1682 1726 1721 continuum

292 1760 591 1808 repraesentare.

349 1843 544 1875 Illmmno.
563 1831 610 1871 In
628 1832 775 1871 fissuris
790 1832 951 1885 rupium
967 1830 1242 1869 calcarearum
1264 1829 1307 1867 in
1328 1828 1391 1868 via
1412 1841 1511 1868 cava
1531 1841 1621 1882 quae
1638 1827 1731 1867 inde

296 1916 316 1939 a
342 1915 444 1955 pago
473 1900 513 1939 S.
532 1899 660 1954 Remy
680 1900 731 1939 ad
751 1897 971 1938 Judoniam
987 1896 1110 1936 ducit.
1132 1894 1361 1935 Rarissima.

686 2012 699 2025 *
715 2013 727 2024 *
754 2012 873 2052 Testa
895 2010 1080 2051 conoidea
1092 2040 1104 2059 ,
1128 2011 1347 2063 perforata.

354 2127 418 2165 51.
441 2126 509 2166 P...
528 2126 752 2165 VAmABms
782 2123 910 2177 Drap.
936 2122 1032 2163 Icon
1058 2120 1236 2175 Pseiffer.
1264 2118 1302 2159 I.
1331 2118 1409 2158 tab.
1447 2118 1483 2159 3.
1505 2120 1574 2173 fiq.
1612 2116 1673 2156 15.
