2027 2701
305 236 358 276 34
891 235 1163 274 GASTEROPODA

306 365 450 406 nempe
481 365 553 406 pro
584 364 655 389 sua
679 349 810 403 specie
840 349 1024 389 laudasse
1052 349 1235 389 Gualteri
1260 349 1341 389 tab.
1365 349 1411 389 V.
1431 350 1601 403 figuram
1626 350 1672 400 5,
1703 356 1744 389 et

305 433 388 457 una
405 434 453 457 ex
479 424 591 471 parte
611 417 780 469 figuram
804 415 909 455 hanc
934 417 1117 470 quintam
1142 418 1183 456 in
1212 417 1394 457 Gualteri
1426 417 1506 456 tab.
1529 416 1565 455 V
1585 431 1665 455 non
1688 417 1744 455 in-

307 486 451 533 veniri,
469 486 563 524 dum
579 484 705 522 altera
721 498 768 522 ex
784 490 915 537 parte,
935 484 1008 522 sub
1026 483 1205 538 ejusdem
1220 485 1373 524 tabulae
1390 485 1523 523 littera
1540 483 1596 531 H,
1612 483 1743 523 succi-

304 566 382 591 nea
404 558 539 590 nostra
559 550 799 604 depingitur.
821 551 862 590 Si
880 558 1015 590 autem
1037 551 1213 591 Linneus
1227 553 1355 606 figura
1372 554 1442 591 sua
1458 552 1502 599 5,
1520 552 1689 605 figuram
1708 550 1746 590 H

307 618 586 666 intellexisset,
617 618 819 672 quomodo
835 624 931 657 tunc
955 619 1051 669 (etsi
1076 633 1168 657 cum
1186 618 1329 673 signo?
1344 622 1357 671 )
1372 621 1539 672 jcitasset
1562 619 1742 658 Bonann.

304 685 430 724 tabul.
449 686 475 725 6
500 686 656 724 iconem
671 686 745 733 54,
768 700 876 740 quae,
898 685 1107 724 Limncam
1125 686 1409 724 auriculariam
1430 692 1743 740 repraesentans,

303 766 354 791 ne
375 753 613 792 levissimam
643 754 944 793 similitudinem
975 768 1068 792 cum
1098 753 1297 792 Succinea
1319 752 1473 792 habet?
1506 753 1652 807 Atqui,
1686 759 1747 791 ta-

304 818 414 858 bulae
446 820 472 858 5
508 820 785 860 Gualterianae
826 821 970 874 figura2
993 821 1011 858 f
1047 827 1086 859 ct
1121 836 1145 874 g
1184 834 1344 874 quoque
1382 820 1559 859 Limneae
1597 820 1748 873 species

305 888 554 940 exprimunt,
577 894 616 926 et
633 888 727 926 hinc
748 895 870 942 atquc
892 903 940 927 cx
956 887 1091 942 phrasi
1114 887 1440 927 characteristica
1462 902 1582 941 supra
1603 887 1746 934 citata,

305 953 484 993 Helicen]
508 962 667 1009 putrem
685 956 778 995 Lm.
797 970 878 995 non
895 970 966 1009 pro
982 955 1180 994 Succinea
1205 955 1432 1009 amphibia,
1459 955 1527 995 sed
1554 969 1625 1009 pro
1646 954 1748 993 Lim-

306 1036 383 1061 nea
406 1029 446 1061 et
470 1024 695 1077 praeprimis
719 1038 791 1077 pro
808 1024 976 1062 Linmea
996 1024 1149 1077 vulgari
1173 1022 1310 1077 Pfez'ff.
1333 1037 1427 1077 quae
1448 1029 1584 1073 ovata,
1607 1022 1749 1062 obtusa

306 1094 346 1127 et
373 1087 477 1128 flava
508 1096 585 1138 cst,
619 1089 762 1129 habco.

361 1176 557 1210 Hfflrmo.
584 1170 648 1208 Ad
678 1170 878 1223 margines
910 1170 1150 1220 rivulorum,
1176 1177 1429 1224 stagnorum,
1455 1170 1601 1223 plantis
1632 1183 1751 1223 aqua-

307 1235 395 1274 ticis
426 1237 602 1275 insidens
640 1237 872 1290 frequenter
902 1237 1101 1290 reperitur
1129 1252 1199 1290 per
1226 1244 1417 1275 aestatem.
1460 1237 1554 1289 Legi
1588 1251 1749 1290 quoque

306 1303 455 1357 pluries
479 1303 520 1341 in
545 1303 748 1342 montibus
766 1304 817 1342 ab
836 1304 942 1342 omni
964 1318 1070 1357 aqua
1086 1304 1203 1357 longe
1223 1304 1405 1350 remotis⁷
1423 1317 1482 1341 ex.
1505 1317 1561 1355 gr.
1584 1301 1750 1341 Lovanii

306 1370 348 1408 in
377 1371 479 1410 colle
510 1371 615 1410 sicca
640 1371 744 1409 inter
772 1378 884 1410 vetus
915 1371 1177 1409 torcularium
1208 1371 1316 1424 quod
1344 1369 1505 1409 Sanctae
1537 1368 1751 1408 Gertrudis

309 1437 455 1476 dicitur
476 1445 516 1476 et
539 1438 650 1476 urbis
670 1439 837 1487 maenia,
863 1439 931 1477 ubi
955 1438 1211 1486 adhfcrcbat,
1238 1453 1319 1477 una
1344 1453 1436 1476 cum
1460 1436 1598 1475 Helice
1620 1450 1752 1475 nemo-

307 1505 381 1544 rali
417 1512 457 1544 et
483 1505 678 1555 hortensi,
710 1505 890 1558 virgultis
921 1511 960 1543 ct
989 1505 1223 1545 arbusculis.
1254 1505 1448 1545 Mullerus
1477 1504 1584 1544 idem
1616 1503 1748 1543 refert.

758 1614 862 1648 GEN.
894 1615 928 1648 5.
959 1614 1155 1650 BULIMUS
1178 1615 1296 1662 Drap.

701 1677 834 1711 Helicis
862 1691 955 1724 spec.
990 1678 1100 1714 Lz'mz.
1130 1678 1233 1713 Mull.
1263 1679 1343 1713 Fer.

366 1784 528 1823 Animal
557 1791 860 1839 streptosomate
889 1786 1026 1839 longo,
1055 1793 1249 1826 caeterum
1279 1794 1463 1842 respectu
1494 1787 1642 1827 Helicis
1671 1802 1751 1827 non

312 1851 385 1890 nisi
415 1852 659 1892 differentias
689 1854 753 1893 vix
771 1854 1034 1908 aspectabilcs
1064 1868 1148 1908 prae
1166 1870 1208 1893 se
1230 1855 1371 1894 ferens.
1391 1854 1505 1909 (Ejus
1528 1862 1664 1894 tamen
1693 1869 1752 1893 or-

312 1920 602 1972 ganisationem
640 1920 825 1971 differre,
865 1922 1006 1961 suadet
1048 1922 1261 1961 discrimen
1303 1923 1408 1961 inter
1443 1923 1652 1976 utriusque
1692 1937 1753 1976 ge·

314 1988 419 2026 neris
454 1994 575 2026 testas
602 1988 885 2029 observatum:
907 2004 1022 2038 nam,
1051 1990 1109 2028 uti
1139 1990 1318 2044 apprime
1343 1990 1398 2029 ait
1424 1990 1644 2039 Lamarck,
1671 2003 1752 2029 non

314 2060 423 2093 testa:
441 2062 642 2094 structura
659 2057 1017 2096 conformationem
1038 2056 1243 2105 animalis,
1259 2057 1329 2095 sed
1342 2056 1606 2096 conformatio
1621 2071 1644 2096 e
1663 2070 1753 2095 con-

314 2127 376 2160 tra
401 2123 582 2162 animalis
610 2123 778 2162 formam
797 2130 929 2171 testae,
952 2138 1042 2177 quae
1063 2123 1113 2163 ad
1134 2123 1263 2177 ipsum
1279 2123 1424 2163 incolae
1448 2138 1593 2178 corpus
1610 2137 1651 2162 se
1668 2129 1751 2162 tota

314 2191 535 2242 componit,
553 2190 803 2230 determinat.
822 2193 835 2243 )
