2027 2701
290 195 339 233 18
855 195 1130 235 GASTEROPODA

284 324 456 350 cescens.
482 309 602 349 Testa
627 305 677 347 17
701 305 797 344 mill.
826 304 964 356 longa,
998 302 1047 342 15
1071 303 1173 351 alta,
1194 302 1220 342 5
1242 317 1395 354 crassa,
1417 305 1558 345 coloris
1587 307 1724 360 pallidi

282 391 353 416 seu
369 376 524 424 cornei,
542 372 707 413 maculis
725 370 958 410 transversis
977 369 1214 423 ferrugineis
1240 370 1301 410 vel
1319 370 1439 409 fuscis
1456 400 1464 419 ‚
1486 371 1625 411 subtus
1640 388 1725 414 ma-

281 444 339 497 gis
364 457 484 497 quam
511 453 680 493 superne
708 451 906 486 convexa,
926 438 1107 490 margine
1125 444 1263 484 acuto,
1292 438 1484 477 carinato.
1507 438 1723 480 Anfractus

280 510 479 563 quinque,
498 505 751 545 transversim
768 504 873 543 striis
890 504 1174 557 punctulisque
1189 504 1362 543 minimis
1379 534 1387 552 ,
1405 505 1588 553 elevatis,
1606 507 1722 546 oculo

279 581 433 615 armato
465 571 786 625 aspectibilibus‚
823 571 965 609 scabri.
997 570 1220 610 Umbilicus
1256 572 1489 626 profundus.
1521 572 1724 627 Apertura

279 642 464 694 elliptica.
496 639 717 678 Peristoma
754 638 985 678 candidum.

332 727 556 761 Osssmvum.
581 718 812 757 Secundum
835 716 978 755 summi
1003 716 1255 770 Entomologi
1278 717 1396 756 Sueci
1417 718 1570 771 Degeer
1586 719 1721 759 obser-

277 787 494 833 vationem,
519 800 542 824 a
566 785 720 824 Linneo
745 785 993 838 evulgatam,
1015 798 1090 822 ceu
1111 784 1249 823 teredo
1272 784 1426 837 lignum
1448 785 1503 823 sic
1523 785 1612 824 haec
1633 801 1720 840 spe-

276 855 356 893 cics
372 854 523 892 calcem
539 853 644 891 rodit
662 867 670 892 z
689 852 796 905 quod
812 858 947 890 tamen
964 865 987 889 a
1004 850 1247 904 quibusdam
1261 857 1416 890 naturae
1433 852 1720 903 scutatoribus‚

278 936 300 960 a
321 921 490 959 Mullero
506 934 650 973 nempe
667 925 706 957 et
721 918 990 965 Chcmnitzio,
1008 917 1050 955 in
1071 917 1240 956 dubium
1261 924 1425 957 vocatur
1445 932 1492 956 eo
1512 919 1641 972 quod,
1662 919 1721 958 uti

275 1001 538 1039 congcncrcs,
559 985 849 1039 vegetabilibus
870 984 1036 1023 victitat.
1059 984 1138 1023 Sed
1166 985 1275 1023 aliud
1304 991 1363 1023 cst
1387 984 1521 1023 dicere
1541 985 1720 1024 Helicem

274 1060 451 1092 nostram
464 1082 472 1099 ,
495 1053 648 1091 calcem
664 1052 794 1090 forare
806 1082 815 1099 ,
834 1057 877 1089 ut
893 1057 980 1103 post
996 1050 1196 1088 Linneum
1215 1065 1376 1103 quoque
1392 1051 1591 1090 Sturmius
1606 1058 1722 1091 testa-

274 1128 340 1160 tur
369 1119 446 1172 (l)>
476 1120 587 1158 aliud
623 1119 727 1158 lianc
758 1119 868 1157 calce
899 1117 1044 1156 nutriri
1067 1132 1074 1156 :
1097 1117 1195 1170 quid
1216 1117 1323 1156 euim
1347 1117 1479 1156 obstat
1505 1118 1719 1171 quominus

275 1188 441 1235 animal,
473 1188 503 1226 si
525 1202 605 1226 non
635 1186 814 1225 alimenti
839 1185 980 1234 titulo,
1017 1185 1159 1223 saltem
1184 1191 1317 1223 tutum
1346 1184 1624 1224 habitaculum
1646 1185 1721 1224 sibi

274 1255 532 1295 construendi
565 1255 693 1307 gratia
725 1253 764 1292 id
794 1251 950 1291 faciat?
981 1251 1140 1305 Quippe
1178 1252 1391 1304 pholades,
1418 1252 1570 1291 tellinae
1606 1267 1719 1306 quae-

276 1323 368 1361 dam
399 1328 439 1360 et
467 1321 669 1360 tci‘cbellae
699 1333 789 1373 quac
823 1333 943 1372 rupes
969 1318 1165 1367 marinas⁷
1190 1318 1362 1366 rodunt,
1389 1317 1612 1371 perforant,
1643 1319 1722 1357 ani-

275 1389 456 1428 malculis
476 1387 697 1426 minoribus
717 1393 756 1425 et
776 1386 936 1424 insectis
962 1384 1159 1438 aquaticis
1179 1384 1468 1423 nihilhominus
1489 1390 1716 1424 vescuntur.

331 1477 530 1510 mem'mo.
557 1467 671 1506 Hanc
699 1467 871 1520 speciem
898 1465 938 1502 in
959 1465 1152 1502 crctaceis
1174 1479 1298 1518 prope
1322 1463 1429 1504 (ἶνες
1449 1478 1585 1503 mense
1598 1463 1719 1518 junio

276 1536 352 1588 legi
375 1550 382 1574 :
406 1535 580 1574 occurrit
610 1548 771 1587 quoque
790 1533 829 1570 in
851 1532 935 1584 agri
957 1531 1223 1570 Bruxellensis
1246 1531 1343 1570 locis
1367 1531 1559 1571 montosis
1587 1531 1718 1579 siccis,

276 1603 385 1642 haud
409 1602 548 1656 procul
579 1616 602 1640 a
632 1614 735 1654 pago
765 1598 808 1638 S.
841 1597 930 1637 Job.

728 1707 741 1721 *
762 1708 776 1722 *
816 1708 937 1748 Testa
961 1709 1231 1764 subdepressa.

331 1821 397 1861 20.
420 1821 494 1860 H...
526 1821 774 1862 Emcmossum
804 1822 932 1875 Drap.
965 1821 1061 1861 Icon
1090 1822 1241 1862 Sturm.
1272 1823 1300 1861 2
1327 1822 1418 1877 hest.
1449 1826 1517 1878 fiy.
1548 1824 1585 1863 S.

333 1909 455 1942 Svmow.
485 1899 601 1938 Helix
624 1900 771 1939 albella
800 1900 929 1941 Pemz.
960 1916 1034 1940 ncc
1063 1901 1186 1940 Alior.

316 2014 359 2051 (l)
378 2028 387 2038 «ι
406 2014 489 2042 Diese
506 2014 655 2042 schnecke
670 2014 742 2042 fand
762 2014 813 2042 ick
830 2014 1027 2043 mehreremal
1042 2015 1074 2042 in
1085 2013 1153 2042 dem
1166 2013 1289 2042 lochern
1304 2014 1386 2041 eines
1401 2022 1517 2051 grossen
1535 2012 1722 2041 kalkfelsen-

282 2080 290 2089 ιι
309 2066 470 2103 brockcns,
487 2077 533 2095 am
552 2067 629 2094 fusse
646 2067 726 2094 eines
746 2067 1028 2105 kalkssosgebirges,
1047 2068 1164 2096 welches
1183 2068 1231 2095 ihr
1249 2067 1459 2105 yewolmlicher
1478 2068 1645 2107 ausenthalb
1667 2068 1723 2103 ist,

283 2132 291 2141 ιι
308 2118 384 2145 doch
403 2119 454 2146 soll
472 2120 513 2146 sie
536 2119 612 2146 auch
634 2119 735 2156 haufig
758 2129 795 2146 an
818 2119 877 2147 den
900 2120 1031 2148 wurzeln
1054 2119 1117 2149 und
1134 2125 1278 2148 stamfflen
1299 2120 1374 2148 alter
1397 2120 1506 2148 Baume
1528 2119 1715 2158 augetroffen

284 2184 292 2193 n
313 2170 439 2198 werden.
460 2185 468 2195 n
494 2172 526 2198 vl
549 2171 628 2199 abth.
650 2172 668 2199 2
693 2170 757 2199 licft
779 2172 811 2199 N*
833 2172 860 2200 5.
