2027 2701
280 243 317 282 vi

281 368 470 407 adversus
493 375 683 409 nauseas,
715 372 805 412 quae
836 357 912 396 iter
937 370 1009 410 per
1032 370 1143 395 marc
1166 356 1360 397 facientes
1392 364 1638 410 grassantur,
1665 373 1728 398 re-

280 435 477 481 medium,
511 435 632 469 testas
666 431 757 465 utut
788 424 1049 464 absorbentes
1082 424 1125 463 in
1152 425 1355 464 medicina
1390 424 1599 474 adhiberi,
1634 432 1729 466 tan-

280 504 452 555 demque
472 496 665 537 humilem
693 492 830 547 Myam
847 492 984 546 ignota
1004 492 1214 547 hucusque
1236 493 1287 532 ad
1316 493 1451 531 littora
1479 492 1624 532 Galliae
1645 493 1728 532 for-

280 583 434 622 sanque
451 566 502 605 ad
516 569 652 603 nostra
667 561 754 616 ipsa
764 561 975 609 viventem,
993 574 1156 599 causam
1175 560 1294 600 fuisse
1311 575 1383 599 cur
1404 559 1512 600 Gadi
1527 560 1731 601 morrhuae

279 638 494 691 piscatores
514 628 748 670 Americani
772 627 828 680 (l)
849 627 1046 666 hactenus
1070 627 1234 666 Gallicis
1259 634 1299 666 et
1323 627 1568 666 nostratibus
1599 642 1732 682 quaes-

277 702 470 742 tuosiores
488 712 646 752 semper
662 697 833 752 piscium
854 701 1044 749 capturas
1067 692 1265 733 fecerint?
1284 694 1403 744 Quod
1422 695 1474 733 ad
1493 695 1580 734 illos
1596 695 1730 735 homi-

277 784 348 809 nes
364 773 540 822 spectat,
566 765 734 820 quibUS,
757 770 802 804 ut
823 764 879 803 ait
892 762 1083 811 Screber,
1107 762 1164 802 nil
1184 761 1335 800 arridet
1352 761 1428 800 nisi
1444 762 1553 815 quod
1572 762 1731 803 faucem

278 837 428 892 pabulo
447 841 488 874 et
514 834 665 873 loculos
689 833 865 872 nummis
894 831 1032 879 farcit,
1059 831 1211 884 quique
1235 843 1373 869 rursus
1397 829 1489 868 ideo
1514 844 1732 885 rursusque

278 904 495 959 quaeritant
515 901 579 940 cui
596 901 724 948 bono,
749 899 791 938 hi
812 898 1117 952 malacologiam
1134 897 1282 951 quibus
1296 897 1402 936 notis
1419 897 1572 951 species
1594 897 1732 937 edules

280 987 305 1011 a
325 971 475 1010 nocivis
497 969 822 1022 distinguuntur,
844 967 987 1006 docere
999 997 1008 1016 ,
1031 972 1154 1019 atque
1169 964 1210 1003 in
1231 979 1302 1003 ora
1318 964 1513 1003 Africana
1533 963 1734 1019 Cypream

279 1038 497 1092 quamdam
527 1050 601 1090 pro
629 1041 792 1074 moneta
819 1034 1019 1087 simulque
1049 1047 1121 1087 pro
1156 1032 1336 1071 emendis
1368 1031 1545 1084 nigritis,
1576 1032 1730 1081 valere,

279 1106 420 1145 sciant.

334 1217 414 1256 Sed
442 1216 532 1271 jam
566 1221 725 1268 tempus
757 1219 817 1252 est
842 1212 893 1251 ad
927 1212 968 1250 id
1002 1211 1111 1264 quod
1140 1210 1386 1250 instituimus
1411 1210 1616 1250 accedere.
1645 1211 1733 1250 Non

279 1298 394 1332 vcro,
416 1282 634 1336 specimine
651 1280 728 1318 hoc
754 1277 1006 1331 inaugurali,
1032 1278 1155 1316 finem
1183 1277 1386 1315 curriculo
1412 1278 1644 1316 academico
1659 1278 1734 1316 im-

280 1364 429 1406 ponere
444 1362 618 1404 possum,
636 1346 736 1400 quin
745 1345 1038 1383 sanctissimum
1050 1344 1154 1396 grati
1166 1343 1290 1381 animi
1304 1342 1479 1382 officium
1496 1343 1732 1397 adimplem:

281 1418 404 1458 Vobis
422 1418 559 1469 itaque
574 1413 736 1453 Ordinis
750 1411 1014 1465 physicorum
1029 1416 1069 1449 et
1089 1409 1469 1450 Mathematicorum
1486 1424 1644 1450 necnon
1660 1410 1692 1450 F
1694 1425 1735 1451 a-

282 1484 443 1525 cultatis
458 1482 624 1522 medicae
642 1478 937 1519 professoribus
953 1477 1289 1526 aestimatissimis,
1313 1477 1618 1531 expertissimis,
1640 1492 1734 1532 quo·

282 1567 373 1593 rum
397 1550 615 1604 discipulus
641 1546 881 1599 auditorque
912 1544 988 1593 fui,
1020 1558 1092 1598 pro
1117 1544 1271 1596 ingenti
1300 1551 1431 1584 vestra
1457 1559 1553 1598 erga
1579 1559 1643 1584 me
1670 1544 1735 1584 be-

283 1619 531 1667 nevolentia,
555 1630 629 1670 pro
645 1614 800 1654 collatis
815 1613 858 1651 in
877 1627 942 1652 me
958 1611 1184 1660 beneficiis,
1203 1611 1351 1665 gratias
1365 1612 1526 1665 publice
1543 1613 1736 1651 maximas

286 1690 469 1728 devoveo.
488 1685 628 1738 Neque
644 1697 711 1723 vos
736 1682 972 1720 insalutatos
987 1680 1235 1735 relinquam,
1261 1679 1552 1718 commilitones
1569 1679 1709 1732 optimi
1724 1690 1731 1726 3

286 1770 367 1810 quo
397 1755 504 1794 enim
528 1752 723 1807 majorem
749 1756 922 1790 vestram
955 1754 1142 1804 expertus
1175 1762 1265 1786 sum
1293 1747 1537 1795 amicitiam,
1567 1760 1614 1785 eo
1645 1747 1734 1800 plus

289 1838 451 1879 quoque
484 1821 595 1861 vobis
631 1820 894 1859 tribuendum
930 1832 1014 1858 esse
1047 1817 1219 1856 arbitror
1244 1831 1253 1855 t
1285 1829 1433 1856 novum
1461 1814 1582 1867 igitur
1612 1820 1733 1867 atque

289 1892 450 1939 stabile,
474 1895 693 1942 antequam
714 1903 762 1928 ex
778 1887 1000 1928 Academia
1016 1886 1228 1939 emigrem,
1251 1883 1439 1923 amicitiae
1459 1882 1590 1922 foedus
1624 1882 1736 1922 inea-

290 1975 394 2007 muS,
428 1965 468 1998 ot
491 1971 687 1997 memores
712 1957 791 1996 mei
822 1963 868 1996 ut
894 1961 935 1995 et
962 1969 1036 2008 ego
1064 1953 1240 1994 vestrum
1267 1966 1424 2006 semper
1454 1949 1598 1990 vivite!

332 2086 373 2125 (1)
395 2085 452 2114 Cfr.
477 2085 577 2121 Rang,
602 2080 718 2112 Manuel
741 2079 778 2108 dc
798 2078 885 2107 l’hist.
907 2081 1002 2106 natur.
1027 2075 1078 2105 des
1102 2074 1293 2114 Mollusques,
1317 2074 1390 2103 Disc.
1409 2074 1524 2112 prelim.
1543 2082 1608 2112 pag.
1631 2071 1676 2100 45.
