2027 2701
887 223 1159 264 PULMONACEA.
1676 225 1727 265 61

289 333 455 373 maculis
471 333 588 372 luteis
608 332 821 386 variegato.
846 333 964 372 Testa
980 333 1006 372 6
1021 334 1116 373 mill.
1136 335 1275 388 longa,
1296 335 1323 374 2
1346 341 1388 387 72
1403 335 1504 383 alta,
1530 334 1555 374 3
1575 349 1727 384 crassa,

287 414 393 454 saepe
424 400 579 449 limosa,
611 400 832 454 pellucido,
862 414 1020 440 cornea.
1051 400 1267 441 Anfractus
1297 404 1476 457 quinque
1503 402 1644 441 ultimo
1667 418 1731 442 re-

289 468 407 521 liquis
424 468 541 507 simul
562 468 728 520 sumptis
751 467 985 521 subaequali.
1012 467 1214 522 Apertura
1235 470 1260 509 3
1282 471 1376 510 mill.
1396 472 1498 519 alta,
1524 469 1539 508 l
1564 472 1606 518 Ἀ,
1626 472 1729 519 lata,

288 535 468 589 margine
499 535 700 573 interdum
724 534 973 574 rubescente.
1009 535 1205 576 Foramen
1230 538 1460 578 umbilicale
1493 539 1640 593 partim
1668 553 1733 593 pe-

288 603 492 641 ristomate
526 599 674 640 reflexo
709 601 939 652 obtectum,
971 604 1227 643 manifestum
1253 612 1402 645 tamen.

345 688 568 723 Onsmwflm.
591 680 701 718 Inter
733 681 952 734 specimina
973 696 1063 734 qnae
1084 698 1220 722 coram
1248 683 1380 723 habeo
1403 685 1570 723 unicum
1591 699 1733 724 occur-

289 749 341 788 rit
373 749 529 788 caeteris
561 747 711 803 majus,
742 762 887 800 nempe
918 747 941 788 7
971 748 1066 786 mill.
1096 749 1281 800 longum,
1312 749 1337 788 3
1362 750 1458 788 mill.
1490 751 1616 789 altum
1641 757 1680 790 et
1707 750 1734 788 4

287 830 464 855 crassum
487 831 494 854 ε
521 815 712 854 transitus
737 813 832 852 hino
859 814 963 853 inter
992 814 1273 868 Draparnaldii
1307 816 1420 869 figur.
1453 816 1478 855 6
1501 823 1541 855 ct
1574 816 1611 857 7.

343 903 539 936 HAnmmo.
568 894 615 934 In
642 894 845 934 inundatis
871 892 1120 934 stIeetslcoven
1150 909 1274 949 prope
1296 895 1578 945 Aerschotum,
1597 910 1733 936 mense

281 962 375 1017 julii
395 961 500 1002 1829
525 962 669 1003 inveni.
701 962 864 1015 Species
893 975 996 1000 rara.

696 1075 801 1109 GEN.
835 1076 891 1109 11.
923 1075 1181 1110 PLANORBIS
1207 1077 1324 1123 Brugy.

562 1148 697 1183 Helicis
721 1160 774 1194 sp.
800 1147 886 1182 Le'n.
916 1148 1103 1182 Planorbis
1128 1161 1181 1195 sp.
1213 1149 1329 1184 Pete’v.
1362 1148 1466 1184 Mull.

344 1252 506 1290 Animal
527 1252 780 1305 elongatum⁷
812 1267 1104 1307 compressum,
1127 1255 1296 1307 gracile,
1322 1259 1626 1307 streptosomate
1656 1254 1738 1293 lon·

287 1318 456 1372 gissimo.
475 1317 647 1357 Pallium
677 1320 808 1358 antico
839 1335 959 1374 supra
989 1336 1031 1360 os
1042 1352 1050 1370 ,
1074 1321 1148 1361 veli
1180 1322 1305 1360 instar
1324 1320 1476 1369 brevis,
1507 1327 1734 1368 extensum,

287 1386 469 1440 marqine
498 1386 690 1440 liquorem
709 1385 905 1426 exsudans
930 1387 1100 1427 rubrum
1113 1419 1125 1436 ‚
1140 1388 1399 1441 peculiarem.
1430 1387 1561 1426 Massa
1580 1388 1738 1440 lingua-

289 1452 336 1491 lis
369 1452 666 1502 swcbeoeserto'lc's,
705 1454 878 1493 hamulis
913 1454 1082 1493 obsessa.
1120 1454 1343 1493 Tentacula
1372 1454 1585 1507 filiformia
1618 1454 1735 1503 bina,

287 1525 457 1569 setacea,
485 1520 728 1575 lonqissima.
759 1520 876 1559 Oculi
907 1521 1071 1560 sessiles.
1100 1519 1292 1561 Cavitatis
1317 1521 1564 1575 pulmonaris
1592 1521 1737 1561 ostium

290 1587 421 1626 antice
445 1588 725 1626 sinistrorsum.
757 1587 920 1641 Organa
948 1589 1126 1627 sexualia
1156 1589 1197 1626 in
1227 1589 1390 1627 diversis
1420 1588 1660 1628 cavitatihus
1683 1589 1737 1627 lo-

289 1660 400 1703 cata,
427 1655 577 1693 orificio
599 1655 777 1693 masculo
803 1655 876 1693 sub
907 1656 1113 1694 tentaculo
1134 1655 1311 1703 sinistro,
1342 1655 1515 1694 femineo
1536 1655 1587 1694 ad
1608 1655 1736 1694 basim

289 1721 442 1775 torquis
457 1722 598 1761 eodem
615 1722 751 1761 latere.
770 1720 843 1760 Pes
859 1722 977 1761 simul
993 1722 1126 1761 antico
1146 1728 1184 1761 et
1198 1722 1349 1776 postico
1368 1721 1532 1762 obtusus
1547 1753 1560 1771 ,
1582 1721 1733 1771 brevis,

289 1795 494 1843 auqustus.
523 1788 682 1828 Caetera
704 1795 750 1828 ut
777 1789 819 1828 in
847 1788 999 1843 Physis.

344 1903 462 1944 Testa
477 1903 721 1960 disciformzsss
728 1937 741 1956 ,
758 1905 964 1946 deal-trorsa
980 1906 1035 1960 (l)
1053 1912 1185 1946 centro
1201 1907 1391 1962 utrinque
1405 1906 1596 1960 depresso.
1614 1907 1737 1962 Aper-

329 2019 372 2059 (l)
393 2019 515 2048 Multum
537 2021 615 2048 inter
637 2025 771 2050 auctores
788 2021 953 2059 ambigitur
973 2021 1011 2050 de
1034 2021 1112 2049 facie
1125 2012 1276 2058 superiore
1298 2019 1345 2048 vel
1366 2021 1510 2048 inferiore
1531 2020 1736 2058 planorbium,

288 2071 421 2111 hincque
442 2072 479 2101 de
500 2078 580 2101 testae
604 2068 809 2103 dex‘trorsitate
832 2075 881 2103 vel
905 2074 1131 2102 sinistrorsitate.
1158 2073 1301 2102 Lamarck
1321 2074 1494 2102 inferiorem
1519 2073 1628 2102 faciem
1651 2077 1737 2102 vocat

290 2124 370 2153 illam
392 2135 459 2163 quae
483 2135 544 2163 prae
564 2126 656 2155 altera
670 2128 763 2165 magis
783 2132 826 2155 est
847 2137 998 2156 concava:
1016 2127 1119 2155 Muller
1141 2136 1158 2155 e
1171 2130 1273 2156 contra
1287 2131 1317 2154 et
1338 2126 1426 2155 Brartl
1446 2126 1525 2155 hanc
1540 2126 1674 2155 eamdem
1691 2135 1737 2154 su-

286 2177 434 2214 periorem
447 2178 561 2208 dicunt.
575 2179 703 2218 Simplex
713 2184 812 2209 tamen
824 2185 969 2218 aperturae
990 2190 1113 2210 examen
1134 2181 1268 2219 protinus
1288 2180 1365 2209 mihi
1384 2179 1511 2209 dubium
1523 2179 1635 2209 solvere
1650 2188 1738 2209 omne
