2027 2701
914 232 1184 272 Pmmfflcm.
1754 234 1779 273 3

333 355 513 407 margine
539 355 714 409 corporis
743 354 866 402 flavo,
897 359 966 392 aut
995 354 1112 392 simul
1145 368 1237 392 cum
1266 353 1448 407 sincipite
1478 355 1682 404 aurantio,
1715 357 1777 395 vel

332 422 545 460 tentaculis
576 422 720 474 nigris3
741 436 811 459 nos
833 421 1018 459 limacem
1047 421 1162 459 toties
1189 421 1344 474 quotIes
1363 421 1532 460 vidimus
1562 427 1690 460 totum
1721 423 1775 461 al·-

332 486 428 526 bum
459 488 566 526 nacti
587 502 734 526 sumus.
762 487 859 526 leon
891 487 1112 526 Fcrussacii
1140 494 1287 542 praeter
1311 488 1479 527 limbum
1503 489 1678 543 corporis
1706 487 1779 528 fla-

335 568 428 593 vum
444 561 483 593 et
503 561 734 608 aperturam
743 554 856 609 justo
877 556 1118 594 anteriorem
1135 586 1144 604 ,
1168 562 1318 594 exacta.

386 639 585 672 HAmrmo.
612 630 784 669 Ineunte
802 630 922 685 junio
950 632 991 669 in
1020 631 1129 684 sylva
1148 630 1351 670 Beaztsart
1378 645 1501 685 prope
1530 630 1776 680 VVaveram,

336 703 376 736 et
390 688 530 752 postea
546 699 586 736 in
613 698 744 736 densis
763 699 886 751 sylva}
901 697 1203 744 Sclmonhoven,
1225 712 1348 750 prope
1368 697 1654 747 Aerschotum,
1677 699 1778 752 fagi-

336 765 459 813 netis,
476 765 621 804 inveni.
644 764 806 818 Species
829 764 992 802 minime
1016 763 1251 802 communis.

388 875 427 914 2.
445 875 517 915 L...
534 875 831 914 EMPYRmonUM.
853 873 1055 913 Fer.lcon
1070 873 1220 913 Stat-m.
1247 873 1266 913 1
1289 873 1383 927 lzeft.
1411 876 1478 929 fiq.
1506 874 1540 913 l.
1559 875 1598 914 2.

391 960 512 992 SmoN.
543 950 684 989 Limax
708 949 822 988 rufus
845 948 938 987 Lm.
961 948 1102 987 Limax
1123 955 1210 987 ater
1229 948 1322 987 Lm.

376 1035 500 1067 Dum.
519 1025 563 1064 L,
590 1032 702 1063 scuto
723 1025 959 1077 granuloso3
983 1030 1172 1076 apertura
1203 1025 1337 1063 antica
1350 1037 1358 1072 3
1388 1025 1565 1078 corporis
1586 1025 1710 1065 limbo
1730 1027 1777 1066 li-

329 1093 455 1132 neolis
476 1091 710 1130 transversis
730 1091 853 1143 nigris
878 1091 1086 1129 adornato.

383 1180 595 1214 Descmmo.
623 1169 755 1224 Supra
774 1169 907 1217 rufus,
932 1169 1113 1223 margine
1143 1170 1351 1219 coccineo,
1378 1171 1517 1210 subtus
1545 1172 1775 1221 albescens,

332 1238 382 1278 10
397 1246 501 1279 cent.
525 1239 676 1291 absque
700 1237 914 1275 tcntaculis
943 1237 1095 1289 longus.
1120 1237 1344 1280 Tentacula
1376 1239 1503 1291 nigra.
1528 1238 1686 1278 Collum
1707 1240 1779 1279 ob-
1834 1272 1843 1277 ,

329 1319 444 1345 scurc
467 1305 641 1353 fulvum,
661 1304 776 1342 lincis
800 1303 956 1341 duabus
974 1304 1266 1356 nigricantibus
1295 1311 1498 1354 notatum,
1525 1307 1779 1360 longitudine

328 1378 448 1411 sextae
479 1372 603 1426 partis
634 1371 747 1410 scuti.
781 1370 948 1408 Scutum
976 1371 1399 1419 latescente-rufum,
1432 1373 1592 1411 tertiam
1623 1380 1779 1426 partem

327 1439 503 1493 corporis
524 1452 788 1492 exsuperans,
806 1437 919 1490 quasi
948 1437 1082 1488 granis
1105 1428 1311 1475 arenaceis
1336 1451 1555 1491 aspersunr
1574 1438 1778 1492 Apertura

327 1507 480 1556 antica7
499 1506 694 1554 maxima,
712 1504 737 1543 9
752 1504 847 1542 mill.
871 1504 973 1551 lata,
995 1503 1257 1543 subrotunda.
1280 1504 1370 1543 Pori
1392 1506 1614 1545 terminalis
1635 1521 1776 1547 mucus

329 1574 473 1614 luteus.
1095 1567 1099 1570 i

381 1658 606 1693 Onsmvnm.
633 1647 796 1688 Colores
816 1649 858 1687 in
883 1662 1003 1702 supra
1021 1648 1115 1688 data
1133 1650 1400 1703 descriptione
1423 1651 1589 1689 indicati
1616 1652 1779 1706 proprie

326 1717 378 1757 ad
405 1717 610 1756 Limacem
644 1716 779 1755 rufum
803 1716 891 1754 Lin.
924 1730 1045 1769 quem
1074 1723 1269 1770 tanquam
1299 1718 1445 1771 speciei
1485 1725 1626 1772 typum
1650 1720 1780 1758 consi-

328 1784 554 1824 deravimus
572 1814 581 1832 ‚
614 1784 848 1838 pertinent:
872 1782 989 1821 facile
1026 1789 1162 1822 autem
1193 1798 1330 1822 omnes
1364 1785 1554 1824 transitus
1585 1800 1608 1824 a
1634 1787 1778 1826 rubro-

327 1852 591 1891 cinnabarino
620 1852 671 1890 ad
694 1851 984 1904 fusco-nigrum
1003 1851 1082 1890 imo
1103 1851 1155 1890 ad
1170 1852 1394 1891 violaceum
1416 1853 1696 1903 intermedffls,
1717 1869 1779 1893 as-

328 1926 510 1968 sumunt,
542 1926 654 1959 scuto
684 1919 887 1957 interdum
922 1919 1124 1972 punctulis
1160 1919 1260 1958 albis
1296 1920 1359 1959 vel
1390 1921 1513 1974 nigris
1547 1921 1774 1975 conspicuo.

327 1985 375 2024 In
399 1987 592 2026 varietate
612 1987 743 2041 nigra,
777 2000 870 2040 quae
895 1985 1037 2025 Limax
1059 1993 1145 2025 ater
1172 1987 1258 2026 Lin.
1282 1994 1360 2037 est⁷
1393 1988 1599 2028 observavi
1628 1989 1778 2042 passim

323 2053 431 2094 circa
461 2061 618 2093 scutum
648 2061 688 2093 et
717 2054 825 2093 circa
845 2053 1015 2093 limbum
1042 2055 1218 2109 corporis
1247 2056 1548 2103 aurantiacum⁷
1583 2056 1775 2095 lineolam

325 2121 470 2162 albam.
505 2122 705 2162 Caeterum
738 2121 970 2176 conjunctio
1000 2122 1145 2162 harum
1179 2124 1402 2178 specierum
1437 2124 1478 2163 in
1512 2124 1695 2174 unicam,
1727 2138 1777 2164 eo
