2027 2701
231 291 268 330 iv

233 420 454 460 altitudinis
480 416 763 458 Barometricae
790 415 846 455 28
867 416 960 470 poll.
988 415 1012 458 7
1034 415 1125 467 lin.,
1149 417 1361 457 minimum
1385 432 1480 459 vero
1503 419 1558 460 26
1578 421 1670 474 poll.
1696 440 1703 445 ¹

232 488 258 527 5
288 489 356 527 lin.
387 487 541 540 aequale
572 484 665 538 poni
697 489 838 537 potest.
876 483 1226 524 Thermometrum
1255 500 1466 540 nunquam
1499 488 1679 526 ascendit

234 555 342 593 ultra
359 553 432 594 270
450 559 493 604 -Ι-
513 551 540 590 Ο
552 582 564 599 ,
587 557 627 589 et
650 551 830 590 nondum
847 550 952 590 infra
978 550 1048 590 18ο
1061 578 1109 596 -τ
1122 549 1149 590 0
1167 552 1384 592 deseendit.
1402 553 1509 592 Pluit
1530 560 1576 593 ut
1593 555 1682 608 plu-

232 621 377 659 rimum
398 633 469 672 per
494 616 571 656 149
595 617 689 656 dies.
721 617 842 656 Venti
873 617 979 657 inter
1002 626 1184 658 austrum
1212 626 1252 658 et
1278 620 1528 659 occidentem
1560 621 1679 660 medii

234 687 512 736 dominantur,
535 685 685 739 quippe
716 685 786 739 qui
809 685 915 725 intra
944 697 1096 725 annum
1124 701 1195 741 per
1226 687 1310 726 dics
1338 687 1416 727 166
1439 689 1679 743 plerumque

232 754 385 807 spirant
407 753 506 793 :hos
542 753 748 807 excipiunt
759 784 768 803 ,
804 767 876 807 pro
911 751 1160 807 frequentia,
1182 754 1289 794 venti
1323 769 1345 793 e
1377 755 1494 794 variis
1523 756 1682 809 punctis

233 822 338 860 inter
372 821 623 860 occidentem
657 827 697 859 et
735 821 1050 874 septentrionem
1088 822 1189 870 sitis,
1226 822 1378 870 emissi,
1409 822 1555 876 quibus
1588 823 1681 861 dein

234 889 456 927 succedunt
477 888 545 942 qui
570 903 593 927 a
615 888 846 942 regionibus
871 888 976 927 inter
991 889 1306 942 septentrionem
1330 895 1371 928 et
1393 889 1589 928 orientem
1606 904 1683 928 me-

235 955 309 994 diis
341 955 498 1003 afflant,
529 960 651 1009 atque
680 955 845 994 tandem
874 955 922 1004 ii,
944 957 1098 995 caeteris
1119 956 1311 1005 rariores,
1341 962 1549 1009 surgentes
1582 956 1686 994 inter

237 1022 433 1060 orientem
453 1028 493 1061 et
522 1029 716 1061 austrum.
747 1021 850 1061 Haec
875 1036 988 1071 vero,
1017 1023 1069 1062 ad
1089 1022 1415 1076 meteorologiam
1440 1023 1682 1076 spectantia,

241 1090 397 1142 longius
425 1090 529 1128 soret
553 1090 784 1142 singillatim
805 1095 991 1128 tractare.

294 1207 358 1246 Ita
379 1209 635 1248 constituitur
652 1210 782 1263 regio,
804 1223 828 1248 a
849 1223 913 1248 me
933 1223 1004 1262 per
1020 1215 1172 1262 septem
1189 1223 1314 1247 annos
1336 1209 1474 1248 sedulo
1494 1209 1684 1258 lustrata,

241 1273 356 1328 cujus
383 1275 534 1314 incolas
562 1276 806 1328 domiportos
827 1275 1053 1314 describere
1075 1275 1218 1314 arrisit,
1237 1275 1448 1314 Affirmare
1477 1290 1572 1314 sane
1605 1289 1689 1314 non

244 1342 371 1380 ausim
399 1342 535 1380 onmia
559 1342 720 1380 omnino
745 1355 839 1395 quae
864 1342 932 1381 hic
960 1342 1098 1382 vivunt
1122 1342 1316 1380 mollusca
1342 1342 1535 1395 opusculo
1562 1342 1690 1380 eonti-

244 1409 331 1447 ncri
353 1424 360 1447 z
385 1409 454 1448 sed
481 1410 635 1448 collatis
657 1410 865 1463 speciebus
888 1424 912 1448 a
936 1408 1119 1448 Pseisfero
1145 1408 1201 1461 (1)
1224 1415 1264 1448 et
1283 1409 1578 1463 Draparnaldio
1603 1408 1692 1448 des-

245 1475 400 1529 criptis,
431 1476 595 1515 credere
622 1483 759 1515 tamen
792 1490 951 1530 possum
986 1491 1049 1515 me
1078 1491 1159 1514 non
1188 1477 1405 1516 admodum
1433 1477 1550 1530 longe
1580 1490 1604 1515 a
1633 1476 1692 1515 rei

248 1543 414 1583 veritate
443 1545 648 1593 reeedere3
678 1544 839 1583 Pseiffer
864 1543 991 1592 enim,
1022 1549 1148 1582 totam
1178 1543 1439 1583 Germaniam
1466 1544 1694 1598 amplexus,

247 1612 364 1650 modo
384 1611 482 1660 186,
502 1619 542 1651 et
565 1612 875 1665 Drapalnaldius
895 1612 937 1650 in
960 1617 1045 1650 tota
1065 1610 1198 1650 Gallia
1219 1610 1415 1649 duntaxat
1438 1610 1519 1650 173
1542 1611 1694 1664 speeies

250 1679 424 1726 indicat,
455 1679 551 1718 dum
576 1694 597 1719 e
621 1680 823 1719 contrario
846 1694 919 1733 pro
940 1679 1023 1717 sola
1042 1684 1178 1717 nostra
1199 1676 1418 1717 Brabantia
1441 1677 1592 1731 speeies
1616 1676 1694 1715 110

254 1746 445 1785 describo.

308 1856 469 1909 Species
494 1871 631 1895 omnes
660 1858 758 1896 meis
783 1858 867 1912 ipse
893 1857 972 1897 vidi
998 1857 1123 1896 oculis
1150 1862 1191 1895 et
1218 1855 1269 1894 ad
1288 1861 1476 1893 naturam
1501 1854 1585 1908 ipse
1606 1854 1695 1893 des-

254 1923 371 1976 cripsi
393 1939 402 1963 2
422 1930 467 1962 ut
485 1930 620 1962 autem
635 1923 788 1977 aliquid
807 1924 906 1963 certi
930 1924 972 1962 in
994 1923 1072 1962 hae
1093 1929 1208 1976 parte
1223 1922 1458 1970 haberetur,
1477 1935 1620 1960 moneo
1636 1936 1700 1960 me

299 2060 340 2099 (l)
362 2061 479 2099 Egregii
494 2060 573 2088 illius
593 2060 689 2097 operis
709 2069 792 2088 usum
813 2059 908 2088 debeo
928 2060 992 2088 viro
1010 2060 1182 2088 Ilonoratiss.
1200 2059 1365 2088 Adelmann
1377 2080 1384 2095 ,
1396 2058 1513 2087 Reetori
1535 2056 1701 2085 Academiae

258 2112 428 2150 Magnifice,
449 2115 534 2151 cujus
555 2113 687 2150 benigne
709 2121 823 2150 semper
847 2114 944 2150 patuit
961 2106 1157 2149 bibliotheca,
1178 2118 1221 2149 et,
1242 2122 1309 2151 quae
1331 2121 1439 2149 magna
1460 2110 1611 2138 felicitatis
1635 2118 1701 2146 pars

260 2169 319 2200 est,
335 2166 420 2203 cujus
442 2166 524 2193 dulei
544 2166 605 2193 frui
626 2166 712 2193 licuit
735 2165 882 2202 a1nicitia3
901 2165 951 2194 hic
973 2166 1079 2203 igitur,
1104 2170 1208 2193 nactus
1230 2165 1431 2200 occasionem,
1454 2163 1518 2191 viro
1538 2161 1702 2190 Clarissimo

260 2222 352 2245 tantas
375 2223 499 2255 quantas
524 2228 606 2247 mens
626 2229 690 2247 mea
717 2228 822 2256 capere
842 2222 937 2256 potest
955 2218 1062 2256 gratias
1083 2217 1188 2246 lubens
1213 2217 1379 2255 meritoque
1399 2215 1540 2253 persolvo.
