2027 2701
306 216 361 255 32
895 213 1169 252 GASTEROPODA

359 334 480 368 Smom.
497 324 544 365 H.
561 322 731 363 nitidula
752 334 786 360 v.
806 319 888 358 Alc.
908 334 990 358 non
1006 320 1117 359 alior.
1136 318 1184 358 H.
1201 319 1472 359 troeliiformis
1489 320 1613 361 Mont.
1631 322 1742 377 Jeffr.

356 414 517 448 Dmcwos.
541 402 588 441 H.
612 406 714 440 testa
730 398 1077 452 comeo-globosa,
1104 399 1385 453 imperforata,
1408 400 1534 449 fulva3
1557 408 1747 455 apertura

303 479 487 520 arcuata,
518 474 706 521 angusta;
739 467 998 520 peristomate
1025 467 1216 521 simplici,
1242 468 1346 507 albo.

358 558 564 591 DEscmva.
592 545 737 586 Incola
775 546 947 599 griseus,
980 545 1189 600 hyalinus,
1221 547 1337 587 dorso
1368 547 1585 597 inffiscato,
1618 555 1750 588 tenta·
1786 600 1789 602 -

301 619 399 657 culis
424 616 572 668 longis,
605 613 751 667 nigris,
786 614 889 667 pede
920 614 1092 654 cinereo.
1133 614 1253 654 Testa
1282 616 1307 655 3
1337 616 1433 655 mill.
1471 616 1618 670 longa,
1653 615 1681 654 2
1706 618 1748 666 72

299 685 404 732 alta,
439 683 466 721 2
497 697 656 731 crassa,
693 682 922 736 pellueida,
957 682 1211 732 tenuissima,
1246 683 1450 730 striulata‚
1482 684 1622 723 nitida.
1658 684 1746 723 An-

299 752 449 790 fractus
477 765 544 789 sex
566 750 680 789 valde
710 750 889 790 convexi.
911 749 1042 803 Spirae
1068 762 1169 802 apex
1198 748 1375 787 obtusus.
1404 749 1601 789 Foramen
1622 751 1750 790 umbi-

297 819 414 858 lieale
432 819 473 856 in
496 818 642 857 adultis
663 818 842 866 nullum,
864 818 906 856 in
920 817 1153 872 junioribus
1169 816 1232 857 vix
1249 816 1525 870 conspicuum.
1544 817 1747 871 Apertura

300 887 417 926 latior
444 900 566 939 quam
599 886 693 924 alta.

354 973 577 1008 Onsmivnm.
603 964 816 1019 Speeimen
842 979 976 1004 meum
1002 964 1186 1004 adultum
1211 963 1326 1003 icone
1351 963 1634 1018 Draparnaldii
1663 980 1747 1005 ma-

291 1033 360 1088 jus
381 1040 450 1072 est.
477 1033 695 1072 Anfractus
722 1033 902 1086 quinque
927 1032 1079 1070 indicat
1105 1031 1443 1084 Draparnaldius,
1470 1039 1624 1085 septem
1643 1032 1748 1071 Mul-

298 1101 357 1140 ler
374 1116 381 1140 :
399 1115 470 1138 nos
485 1114 641 1153 semper
656 1114 723 1137 sex
744 1098 1052 1137 numeravimus.
1072 1098 1130 1137 Cl.
1152 1098 1320 1151 Jeffreys
1343 1105 1459 1152 putat
1476 1098 1656 1137 Ilelieem
1673 1099 1746 1137 ful-

300 1182 390 1206 vam
410 1166 528 1206 Mull.
556 1166 606 1205 ab
623 1165 761 1204 Helice
778 1165 886 1205 fulva
908 1165 984 1205 Dr.
1004 1166 1200 1205 diversam
1217 1180 1301 1204 esse
1317 1171 1356 1204 et
1377 1165 1428 1204 ad
1444 1165 1491 1205 H.
1515 1166 1747 1206 edentulam

298 1234 432 1288 Drap.
466 1234 668 1287 pertinere
693 1247 701 1271 :
724 1233 850 1286 quod,
875 1233 1029 1271 collatis
1057 1233 1269 1286 utriusque
1291 1239 1478 1272 autorum
1505 1233 1743 1288 descriptio-

300 1302 437 1350 nibus,
469 1301 641 1340 maxime
672 1300 787 1339 nobis
823 1300 992 1339 dubium
1015 1300 1184 1339 videtur.

356 1390 555 1422 Hsmmno.
585 1380 719 1423 Media
752 1385 892 1418 aestate
922 1379 1087 1419 Lovanii
1119 1384 1231 1418 extra
1264 1384 1423 1434 portam
1452 1379 1604 1418 canalis
1635 1379 1749 1419 sinis-

301 1457 452 1489 trorsus
492 1450 598 1487 inter
636 1447 731 1485 folia
770 1447 850 1500 fagi
887 1447 1169 1500 semiputrida,
1206 1447 1248 1486 in
1283 1447 1396 1488 alveo
1437 1447 1582 1486 veteris
1616 1448 1746 1501 stagni

303 1523 559 1565 coacervata,
590 1515 732 1569 reperi.

716 1629 823 1664 GEN.
863 1630 896 1664 4.
937 1627 1174 1664 SUCCINEA.
1206 1627 1327 1675 Drap.

650 1703 783 1736 Helieis
810 1701 943 1748 species
968 1700 1080 1735 Lz'mz.
1112 1700 1222 1734 Gmel.
1251 1700 1395 1734 Feruss.

362 1808 522 1847 Animal
553 1810 651 1846 testa
685 1805 842 1858 majus,
864 1810 1167 1859 streptosomate
1189 1805 1389 1859 graciliori
1422 1807 1634 1847 munitum.
1665 1807 1750 1848 Pal-

304 1876 345 1915 lii
375 1877 490 1915 lobus
520 1875 674 1914 medius
703 1873 937 1928 sineipitalis
968 1873 1167 1912 minimus.
1202 1873 1332 1913 Massa
1364 1874 1552 1928 lingualis
1583 1890 1743 1929 magna.

305 1944 528 1983 Tentaeula
564 1943 769 1995 superiora
800 1956 825 1980 a
861 1941 951 1981 basi
985 1940 1037 1980 ad
1068 1940 1241 1981 medium
1276 1941 1501 1980 incrassata
1511 1957 1524 1990 ,·
1559 1942 1750 1982 inferiora

306 2011 546 2051 brevissima.
581 2010 654 2048 Pes
688 2016 799 2048 extra
829 2016 973 2049 testam
1002 2009 1244 2064 prominens.
1282 2009 1369 2050 Ova
1393 2016 1609 2064 aggregata
1627 2042 1636 2060 ‚
1673 2024 1747 2049 nee

307 2079 547 2131 111ueilagi11e
570 2092 645 2116 nee
669 2084 802 2116 crusta
826 2078 1010 2116 eoriacea
1034 2083 1104 2116 aut
1132 2077 1666 2128 ealeareo-membranacea‚
1684 2077 1749 2117 ob-

308 2144 439 2183 ducta.
478 2144 635 2184 Caetera
658 2150 704 2183 ut
734 2145 775 2183 in
806 2143 955 2185 Helice.
