2027 2701
809 215 864 254 LA
870 230 1235 256 MELLlssRAncmATA.
1694 218 1748 259 85

310 329 418 368 intus
434 343 558 369 rosea.
581 329 686 370 Unio
701 329 791 368 haec
807 329 1005 383 pictorum
1022 329 1168 368 dicitur
1191 328 1241 367 ab
1262 342 1337 367 usu
1357 327 1576 382 pictorum,
1593 328 1682 382 qui,
1700 334 1746 367 ut

312 397 368 436 ait
388 397 620 446 Buonnani,
637 397 789 436 colores
813 398 966 449 argenti
990 398 1158 449 aurique
1186 397 1390 450 pigmenta
1411 402 1456 435 ut
1472 395 1688 449 plurimum
1706 396 1749 435 in

313 465 361 503 ea
376 471 597 518 reponunt3
615 464 683 503 sed
705 464 927 502 notandum
949 464 1046 502 alias
1067 470 1202 502 tamen
1224 463 1374 516 species
1394 477 1556 517 quoque
1575 464 1617 502 in
1637 477 1750 503 eum-

314 530 405 569 dem
436 545 552 569 usum
583 529 792 583 usurpari:
815 529 953 568 Batavi
986 531 1092 568 enim
1118 532 1349 584 frequenter
1383 531 1541 570 Unione
1576 531 1748 581 Batava,

314 597 420 637 Galli
445 611 551 650 saepe
578 595 737 635 Unione
763 603 933 634 rostrata
947 596 1100 650 juniori
1127 604 1296 636 utuntur
1321 612 1328 636 :
1356 599 1397 636 in
1420 598 1551 651 pixide
1572 598 1749 652 pigmen-

313 664 416 702 taria
447 663 721 715 Norimbergae
744 663 832 717 jam
854 664 991 717 viginti
1018 664 1165 703 abhinc
1195 666 1309 703 annis
1330 666 1437 717 apud
1455 665 1597 719 Georg.
1615 665 1750 704 Chris-

310 731 420 784 toph.
445 730 630 769 Gunther
650 732 804 784 empta,
831 731 1029 771 Unionem
1051 732 1278 785 depressam
1301 731 1437 785 Pfeiff.
1462 734 1570 781 (non
1591 732 1751 785 Lam.)‚

314 797 513 837 Unionem
536 797 808 851 elongatulam
842 797 979 852 Pfeiff
1012 797 1210 837 Unionem
1246 798 1437 852 ripariam
1463 798 1599 853 Pseiffi
1630 807 1751 853 atque

310 865 479 903 alteram
495 865 668 919 speciem
686 863 833 904 Unioni
854 865 1018 904 littorali
1039 864 1176 919 Pfeiff.
1201 866 1300 917 (nee
1324 865 1469 919 Drap.)
1489 866 1751 915 simillimam,

314 947 459 971 invem.

369 1018 566 1052 Humum.
586 1010 634 1050 In
660 1011 816 1061 rivulis,
840 1012 1009 1064 stagnis,
1030 1012 1277 1066 ubicumque
1307 1012 1509 1067 frequens.

373 1123 462 1163 105.
487 1124 561 1164 U...
580 1124 749 1165 Buff...
771 1123 885 1164 Lam.
914 1123 1012 1164 Ioon
1036 1131 1173 1164 nostra
1196 1128 1263 1180 fiy.
1301 1125 1362 1165 19.

368 1213 532 1246 Euenos.
555 1203 603 1243 U.
635 1211 737 1244 testa
762 1205 957 1254 olivaeea,
978 1206 1093 1245 viridi
1118 1206 1294 1255 radiata,
1323 1206 1638 1260 elliptico-ovali‚
1658 1206 1753 1256 levi3

318 1271 636 1311 extremitatibus
659 1271 904 1320 rotundatis3
927 1273 1106 1325 margine
1134 1273 1311 1311 inferiori
1333 1273 1499 1326 integro.

371 1358 580 1391 Dascmmo.
603 1349 748 1390 Incola
764 1350 1003 1400 «cinereus,
1028 1352 1129 1405 pede
1150 1351 1569 1393 cinereo-flavescente
1593 1353 1719 1394 Pseiff.
1736 1371 1753 1391 »

319 1418 438 1458 Testa
458 1418 511 1458 43
545 1419 640 1458 mill.
670 1419 809 1473 longa,
831 1418 886 1457 24
914 1420 1017 1468 alta,
1039 1418 1086 1457 15
1118 1433 1270 1467 crassa,
1292 1421 1537 1473 praecedenti
1567 1421 1729 1460 solidior
1744 1450 1755 1470 ,

308 1485 448 1541 junior
471 1486 680 1526 obscurius
695 1486 891 1534 colorata,
917 1486 1092 1524 obsolete
1110 1485 1286 1533 radiata,
1308 1486 1446 1526 adulta
1466 1501 1558 1527 vero
1578 1487 1756 1529 olivaeea

317 1554 438 1593 radiis
454 1554 646 1593 viridibus
662 1554 789 1608 picta,
812 1553 972 1592 natibus
996 1567 1103 1607 saepe
1121 1553 1294 1601 detritis,
1316 1554 1423 1594 intus
1443 1556 1755 1608 margaritacea,

318 1621 438 1661 dente
466 1621 660 1661 cardinali
689 1634 915 1675 compresso
932 1651 940 1669 ,
958 1627 1134 1659 erenato.

372 1701 596 1742 Osssmvnio.
618 1700 737 1739 Testa
757 1705 893 1738 nostra
910 1699 1089 1753 apprime
1110 1699 1283 1753 quadrat
1300 1714 1392 1738 cum
1413 1701 1629 1754 specimine
1648 1704 1756 1756 quod

318 1771 399 1808 una
417 1783 509 1808 cum
537 1768 746 1823 speciebus
772 1767 974 1806 nonnullis
996 1768 1161 1812 marinis
1184 1783 1232 1807 ex
1258 1767 1483 1807 Hollandiae
1505 1783 1607 1822 pago
1628 1769 1755 1809 Sche-

317 1835 497 1890 velinyen
520 1836 656 1890 accepi
671 1848 679 1883 ;
697 1835 946 1874 individuum
963 1841 1157 1889 praeterea
1175 1834 1317 1889 junius
1337 1835 1517 1889 possideo
1533 1850 1624 1875 cum
1635 1835 1757 1876 Pseif-

319 1901 393 1941 feri
409 1902 458 1941 ll.
479 1902 556 1941 tab.
578 1903 615 1942 2.
636 1905 704 1957 fiq.
721 1901 775 1941 23
794 1902 846 1941 ad
865 1916 1040 1956 unguem
1057 1916 1292 1956 congruens.
1311 1903 1456 1957 Figura
1473 1910 1587 1943 testae
1606 1905 1757 1945 adultae

323 1969 430 2023 apud
448 1968 573 2009 Pfeiff.
591 1969 620 2009 I.
645 1970 726 2009 tab.
746 1969 784 2009 5.
803 1969 865 2023 fig.
893 1968 943 2008 14
965 1984 1149 2024 expressa
1178 1984 1260 2009 non
1280 1971 1412 2024 placet
1429 1986 1436 2010 ε
1455 1985 1598 2011 novam
1619 1972 1757 2026 itaque

319 2036 530 2092 subjungo.
548 2037 613 2076 An
629 2037 711 2085 hic,
730 2038 787 2077 uti
808 2038 946 2078 volunt
964 2044 1142 2087 autores,
1161 2039 1334 2092 pertinet
1354 2039 1634 2094 Draparnaldii
1652 2039 1758 2079 Unio

320 2105 517 2159 pictorum
537 2112 558 2152 β
578 2105 659 2145 tab.
677 2105 744 2145 XI.
762 2105 826 2160 fig.
847 2105 885 2146 3.
915 2119 977 2145 res
996 2105 1094 2144 mihi
1117 2105 1232 2147 valde
1265 2106 1400 2146 dubia.
