2027 2701
794 121 1220 162 LAMELLIBRANCHIATA.
1677 125 1728 166 87

348 242 559 278 Dssscmmio.
587 236 731 276 Incola
754 237 955 287 cinereus,
983 237 1216 290 pellucidus.
1247 236 1364 276 Testa
1388 237 1441 276 23
1469 238 1564 278 mill.
1589 239 1728 293 longa,

298 303 346 344 17
372 306 472 353 alta,
510 304 560 343 12
585 319 737 352 crassa,
763 311 875 343 extus
908 305 1109 343 interdum
1141 304 1223 343 fere
1250 311 1334 343 tota
1360 305 1490 353 fusca,
1527 306 1730 345 interdum

291 371 535 410 umbonibus
558 373 775 421 virescens,
800 372 902 410 striis
922 371 1277 423 longitudinalibus
1303 372 1495 421 arcuatis,
1516 372 1728 412 confertis-

292 437 419 487 simis,
451 440 655 492 eleganter
671 444 834 477 exarata
847 468 860 485 ,
882 437 988 475 intus
1005 438 1286 486 caerulescens3
1301 438 1423 476 cardo
1442 438 1628 478 dentibus
1647 455 1731 479 me,

293 503 366 543 diis
392 505 546 543 duobus
574 505 616 543 in
649 504 827 553 sinistra,
858 503 978 543 unico
1007 503 1050 542 in
1080 503 1243 543 dextera
1264 504 1397 554 valva,
1428 504 1660 546 lateralibus
1687 508 1729 546 in

290 577 462 624 utraque
492 571 606 610 binis.

347 656 568 690 OBSERVATIO.
589 650 697 688 Sulci
714 651 987 688 transversalis
1008 650 1057 688 de
1074 664 1154 703 quo
1175 650 1248 688 sub
1269 650 1346 689 hac
1363 653 1494 705 specie
1509 653 1729 707 loquuntur

293 722 472 763 autores,
494 717 647 754 nullam
666 717 706 754 in
726 717 992 770 descriptione
1015 717 1259 755 mentionem
1276 717 1351 755 feci
1381 717 1422 755 10
1448 720 1543 772 quia
1565 734 1646 758 non
1668 735 1730 761 ve-

290 797 358 822 rus
379 789 437 821 est
464 784 596 821 sulcus
617 784 685 822 sed
714 784 844 836 potius
864 784 1056 822 indicium
1080 783 1316 821 incrementi
1337 777 1451 823 testae
1472 785 1518 822 20
1539 786 1634 839 quia
1650 801 1732 827 non

290 850 705 897 t1·a11sversaliter‚uti
730 851 867 897 aiunt,
885 850 952 888 sed
972 849 1315 902 longitudinaliter
1341 851 1364 888 i.
1398 866 1430 890 e.
1463 852 1514 891 ab
1541 867 1610 892 ore
1639 855 1729 893 ani-

290 916 405 955 malis
434 917 485 955 ad
511 916 597 970 ejus
621 931 742 955 anum
773 923 978 965 exaratur,
1010 923 1050 955 et
1079 917 1252 969 denique
1283 917 1328 956 30
1360 918 1456 971 quia
1488 933 1569 958 non
1602 921 1730 960 solum

292 982 334 1020 in
363 982 439 1021 hac
471 983 541 1021 sed
570 983 690 1022 etiam
719 983 760 1021 in
789 983 920 1037 specie
954 984 1136 1037 sequenti
1165 984 1350 1023 occurrit.

343 1069 538 1101 HAmTAno.
569 1061 764 1100 Bruxellis
785 1062 826 1098 in
859 1061 1016 1109 Sennir,
1047 1062 1211 1101 Lovanii
1242 1064 1283 1101 in
1313 1063 1662 1117 Dyla‚Aerschoti
1687 1068 1729 1107 in

288 1126 479 1175 Demera,
516 1139 640 1180 prope
664 1126 881 1165 Judoniam
912 1127 953 1165 in
989 1126 1135 1177 Geeta,
1167 1130 1312 1169 inveni.

348 1241 436 1282 107.
473 1241 542 1280 C...
577 1241 746 1280 CORNEA.
776 1240 889 1280 Lam.
920 1241 1017 1280 Icon
1040 1242 1176 1298 Pseiff.
1209 1242 1237 1280 I.
1276 1241 1341 1280 {ab
1370 1242 1407 1281 5.
1437 1246 1505 1297 fiy.
1540 1242 1574 1283 1.
1604 1243 1641 1281 2.

344 1328 465 1362 Ξι-ΝΟΝ.
498 1320 655 1359 Tellina
686 1335 835 1360 cornea
865 1320 956 1360 Lm.
980 1322 1136 1360 Tcllina
1159 1321 1290 1360 rivalis
1325 1321 1444 1361 Mull.
1475 1337 1556 1361 non
1576 1322 1725 1362 Donov.

290 1387 481 1427 Cardium
517 1388 719 1426 amnicum
751 1387 864 1427 Pult.
896 1388 1038 1443 Cyclas
1072 1389 1205 1428 rivalis
1234 1389 1362 1441 Drap.

340 1474 501 1508 Dimwos.
528 1466 571 1506 C.
594 1473 695 1506 testa
713 1466 951 1507 flavescente
967 1482 1134 1516 cornea,
1151 1468 1575 1523 rotundato-oblonga,
1593 1473 1724 1522 tenui,

288 1534 546 1587 subglobosa,
579 1534 812 1582 substriata;
843 1548 943 1573 zona
972 1534 1183 1587 marginali
1218 1534 1449 1586 lutescenti3
1483 1536 1726 1578 umbonibus

288 1601 451 1641 obtusis,

340 1679 375 1718 β.
406 1675 525 1714 Testa
558 1675 689 1714 minus
722 1675 912 1723 dilatata,
944 1675 1102 1728 penitus
1134 1674 1307 1728 globosa.
1340 1675 1382 1715 C.
1410 1678 1578 1717 nucleus
1605 1678 1721 1720 Stud.

339 1761 545 1795 Dascmpmo.
574 1754 719 1793 Incola
744 1754 858 1793 albus
889 1754 950 1793 vel
980 1755 1118 1793 leviter
1150 1753 1384 1803 flavescens,
1411 1756 1498 1794 tubi
1524 1757 1722 1798 inferioris

284 1827 472 1874 apertura
511 1828 725 1869 truncata,
763 1822 914 1875 ampla,
959 1821 1183 1874 quadrifida
1194 1852 1203 1870 ,
1242 1822 1455 1874 superioris
1492 1825 1722 1865 acuminata

281 1887 456 1936 minore,
487 1888 665 1927 indivisa.
701 1888 820 1926 Testa
851 1887 896 1925 11
936 1888 1031 1926 mill.
1065 1888 1206 1941 longa,
1238 1887 1264 1925 8
1299 1889 1340 1936 72
1375 1890 1475 1939 alta,
1512 1891 1537 1930 6
1570 1906 1718 1943 crassa,

279 1953 382 1992 striis
408 1953 472 1992 vix
495 1955 741 2008 conspicuis,
776 1954 927 2007 gibbis,
960 1954 1131 2001 obtusis;
1160 1956 1316 1995 interne
1346 1957 1480 1996 albida
1509 1959 1570 1998 vel
1590 1974 1719 1999 caeru-

279 2020 441 2059 lescens.
473 2020 656 2060 Cardinis
687 2022 825 2060 dentes
857 2021 977 2059 medii
999 2021 1172 2071 minimi,
1193 2021 1297 2062 binis
1323 2024 1364 2062 in
1390 2024 1566 2075 sinistra,
1598 2027 1717 2066 unico

280 2088 321 2125 in
349 2087 489 2126 dextra
513 2087 646 2136 valva,
680 2088 912 2127 lateralibus
940 2087 1143 2141 elongatis.
1583 2091 1633 2131 13
1680 2112 1681 2115 =
